2066 3448
1023 383 1314 424 —10—

436 511 671 559 Comparetti
701 511 824 548 locum
852 510 960 547 illum
989 510 1170 557 neglexit,
1214 520 1284 556 quo
1313 509 1418 547 Iovis
1459 509 1593 556 templi
1633 509 1679 545 ab
1707 508 1905 547 Hadriano

436 576 598 614 confecti
625 575 667 612 fit
695 575 848 612 mentio.

539 640 697 686 Madvig
725 640 885 685 denique
905 639 1146 676 Licinianum
1174 637 1292 675 tertio
1314 638 1374 674 vel
1403 638 1518 675 etiam
1540 644 1677 686 quarto
1698 652 1734 688 p.
1757 640 1846 678 Chr.
1868 653 1904 680 n.

435 705 584 743 saeculo
629 705 745 741 fuisse
774 704 931 742 iudicat.
988 703 1048 740 Ex
1082 704 1176 740 locis
1205 701 1413 740 Solinianis
1442 714 1536 749 quos
1564 705 1677 743 initio
1710 706 1904 750 omiserat,

436 774 568 817 postea
596 770 647 817 (p.
678 769 754 805 407
786 768 891 816 adn.)
933 779 1006 806 non
1044 768 1142 805 idem
1174 768 1361 805 conclusit
1390 771 1503 814 atque
1532 768 1751 817 Mommsen,
1796 781 1904 816 quem

435 846 502 871 nos
531 845 646 881 supra
674 834 795 870 secuti
823 844 965 879 sumus,
1010 833 1076 870 sed
1119 835 1248 870 censet
1289 832 1414 878 potius
1444 830 1617 870 Solinum
1645 834 1773 882 ipsum
1801 835 1903 872 Lici-

435 900 587 936 nianum
630 898 852 945 inspexisse,
896 909 970 935 non
1013 909 1062 935 ex
1096 909 1163 935 suo
1194 897 1299 934 fonte
1327 897 1395 933 illa
1437 897 1553 935 verba
1582 900 1903 946 transscripsisse.

435 964 542 1001 Haec
571 964 616 1000 de
631 963 824 1000 Liciniani
845 966 973 1000 aetate
1002 963 1195 1000 sententia
1223 963 1403 1000 cohaeret
1432 973 1515 999 cum
1546 963 1623 999 alia
1644 964 1812 1002 eiusdem
1832 965 1905 1003 viri

434 1029 536 1066 docti
578 1028 765 1075 opinione,
811 1039 884 1074 qua
912 1028 1153 1065 Licinianum
1197 1027 1410 1065 arbitratur
1453 1028 1642 1074 epitomen
1686 1032 1835 1066 tantum
1864 1030 1905 1067 in

436 1104 544 1130 usum
591 1093 805 1131 scholarum
852 1105 899 1130 ex
925 1093 1031 1130 Livii
1075 1093 1245 1130 historfis
1287 1092 1423 1129 fecisse
1467 1097 1504 1129 et
1547 1104 1592 1130 ex
1628 1104 1695 1130 suo
1723 1094 1906 1131 nonnulla

436 1162 584 1196 tantum
606 1158 808 1203 addidisse,
830 1169 926 1204 quae
947 1158 995 1194 ad
1015 1158 1265 1204 antiquitates
1281 1157 1531 1204 pertinerent.
1561 1157 1675 1195 Hanc
1690 1159 1905 1206 opinionem

435 1236 456 1260 a
484 1235 574 1262 vero
603 1224 718 1270 longe
747 1224 879 1261 abesse
909 1223 1257 1260 demonstraturum
1286 1234 1344 1260 me
1373 1233 1497 1270 spero.

538 1289 617 1327 Nos
663 1290 784 1335 igitur
829 1289 867 1325 in
916 1299 959 1326 eo
1002 1299 1302 1336 perseveramus,
1351 1292 1395 1325 ut
1437 1287 1624 1326 Granium
1665 1289 1904 1326 Licinianum

434 1365 653 1391 censeamus
700 1354 822 1391 medio
871 1354 990 1391 altero
1037 1365 1073 1400 p.
1118 1353 1203 1391 Chr.
1252 1365 1288 1390 n.
1337 1354 1487 1390 saeculo
1542 1354 1762 1401 ponendum
1809 1365 1901 1391 esse.

432 1419 640 1457 Praeterea
669 1419 715 1456 de
743 1419 825 1466 ipso
856 1419 1042 1465 scriptore
1071 1419 1165 1456 nihil
1192 1418 1301 1456 nobis
1331 1422 1388 1455 est
1416 1422 1558 1455 notum.
1576 1418 1606 1467 2)

538 1484 718 1530 Quoniam
764 1483 954 1521 Liciniani
994 1486 1144 1530 tempus
1186 1484 1281 1520 satis
1328 1487 1507 1521 accurate
1555 1484 1904 1527 determinavimus,

434 1549 620 1595 reliquum
649 1553 719 1593 est,
748 1554 791 1585 ut
821 1549 866 1586 de
895 1549 979 1586 eius
1009 1560 1122 1596 opere
1152 1559 1275 1596 pauca
1308 1549 1610 1596 praemittamus.
1668 1548 1904 1595 Fragmenta

432 1614 541 1651 nobis
569 1617 733 1658 servata,
765 1618 809 1651 ut
837 1625 882 1651 ex
912 1613 1089 1651 foliorum
1118 1613 1431 1660 inscriptionibus
1460 1613 1711 1660 intellegitur,
1742 1617 1832 1651 sunt
1859 1624 1905 1651 ex

432 1680 538 1717 libris
566 1679 714 1724 XXVI,
746 1679 929 1723 XXVIII,
959 1678 1135 1724 XXXV,
1165 1679 1347 1717 XXXVI.
1405 1678 1488 1726 Quo
1536 1679 1581 1716 de
1616 1683 1786 1725 tempore
1814 1678 1905 1716 libri

436 1744 576 1782 XXVI
604 1744 860 1790 fragmentum
890 1744 975 1793 (fol.
1005 1744 1079 1791 XI)
1109 1744 1171 1788 sit,
1203 1743 1277 1780 dici
1306 1755 1381 1781 non
1411 1748 1555 1790 potest;
1594 1743 1692 1781 libro
1720 1743 1905 1782 XXVIII

432 1821 493 1847 res
536 1820 633 1847 anno
664 1810 737 1847 591
771 1808 895 1858 (163),
939 1809 1036 1846 libro
1065 1807 1244 1847 XXXVI
1273 1819 1371 1847 anno
1402 1809 1477 1846 676
1507 1809 1595 1858 (78)
1632 1812 1765 1856 gestae
1794 1811 1905 1846 eraut

432 1876 638 1923 expositae.
696 1874 832 1921 Itaque
876 1874 940 1920 qui
983 1874 1274 1911 intercedebant
1314 1874 1405 1911 libri
1447 1874 1528 1911 fere
1559 1874 1688 1911 decem
1717 1884 1904 1911 annorum

431 1941 595 1988 spatium
640 1940 821 1978 videntur
864 1939 1028 1986 amplexi
1072 1949 1165 1976 esse.
1222 1938 1263 1976 Si
1297 1943 1379 1976 tota
1407 1939 1584 1977 materies
1613 1939 1699 1986 pari
1727 1938 1836 1976 modo
1866 1939 1904 1975 in

433 2006 598 2052 reliquos
639 2005 759 2042 libros
790 2005 992 2052 dispertita
1020 2004 1166 2048 fuisset,
1212 2015 1305 2051 opus
1334 2004 1486 2041 initium
1505 2004 1669 2051 cepisset
1697 2015 1720 2041 a
1748 2004 1904 2050 regibus

438 2071 623 2118 expulsis;
680 2070 745 2107 sed
792 2070 902 2107 huius
949 2069 1007 2106 rei
1053 2069 1267 2116 exemplum
1315 2069 1415 2115 apud
1470 2080 1598 2106 rerum
1644 2069 1905 2107 Romanarum

435 2137 661 2183 scriptorum
703 2136 917 2172 invenimus
960 2135 1116 2172 nullum.
1172 2134 1383 2171 Praeterea
1427 2134 1487 2172 vel
1529 2145 1599 2181 per
1631 2146 1671 2172 se
1700 2134 1904 2172 verisimile

432 2205 490 2238 est
517 2201 659 2248 prioris
688 2201 872 2247 temporis
901 2200 1007 2237 facta
1034 2210 1110 2237 nou
1138 2202 1216 2236 tam
1247 2199 1400 2246 copiose
1430 2199 1624 2246 descripta
1653 2199 1770 2237 fuisse
1790 2209 1903 2245 quam

432 2266 668 2314 posterioris.
726 2265 862 2311 Itaque
903 2265 1094 2302 Pertzium
1136 2268 1281 2301 rectum
1324 2264 1463 2301 vidisse
1506 2264 1797 2309 arbitrabimur,
1841 2263 1904 2310 qui

434 2342 561 2368 rerum
582 2331 839 2368 narrationem
861 2331 907 2367 ab
928 2330 1022 2367 urbe
1044 2329 1196 2367 condita
1216 2332 1345 2366 censet
1364 2329 1543 2376 coepisse.
1587 2328 1697 2376 Quod
1725 2328 1774 2365 ad
1791 2328 1903 2366 finem

432 2397 556 2444 operis
601 2396 758 2440 attinet,
794 2396 961 2433 editores
991 2405 1073 2432 cum
1102 2394 1329 2441 scriptorem
1358 2404 1434 2431 non
1463 2394 1582 2431 multo
1612 2396 1698 2440 post
1728 2392 1903 2431 Sallustii

431 2461 611 2500 historias
639 2461 783 2508 publici
810 2461 903 2498 iuris
933 2461 1055 2497 factas
1083 2459 1224 2498 vixisse
1254 2462 1445 2503 censeant,
1492 2469 1575 2496 eum
1604 2461 1742 2506 putant
1770 2469 1903 2495 narra-

430 2527 572 2564 tionem
613 2537 730 2572 usque
774 2525 821 2563 ad
864 2524 1041 2563 Caesaris
1082 2528 1243 2562 mortem
1292 2523 1504 2561 deduxisse.
1563 2523 1637 2561 Sed
1680 2534 1762 2561 cum
1806 2523 1903 2562 illud

431 2592 568 2629 falsum
596 2591 814 2634 viderimus.
845 2591 890 2628 de
918 2590 991 2628 fine
1019 2592 1143 2638 operis
1164 2589 1313 2626 omnino
1334 2600 1407 2625 non
1426 2599 1624 2636 possumus
1645 2589 1902 2626 coniecturam

430 2656 567 2694 facere.
637 2656 853 2702 Nescimus,
901 2662 1028 2693 utrum
1075 2654 1294 2692 Licinianus
1341 2664 1402 2691 res
1448 2653 1643 2691 Romanas
1690 2664 1808 2700 usque
1853 2653 1902 2691 ad

524 2791 549 2833 ¹)
578 2790 834 2827 Coniecturam
860 2790 905 2826 de
931 2790 1053 2836 patria
1079 2790 1157 2825 cius
1183 2789 1325 2825 invenis
1352 2799 1429 2834 cap.
1456 2788 1484 2832 Ι,
1510 2790 1542 2826 3.
