2066 3448
979 409 1268 451 ,το-

393 539 529 584 Itaque
552 537 787 584 probabilius
807 537 970 582 videtur,
1000 535 1098 582 quod
1119 546 1236 583 supra
1256 535 1501 572 coniecimus:
1523 534 1767 573 Licinianum
1786 534 1863 571 iam

394 607 508 640 antea
542 602 655 639 Marii
700 612 849 638 errores
892 600 1149 648 descripsisse,
1192 600 1230 636 in
1258 600 1372 637 rebus
1401 603 1528 636 autem
1555 600 1644 637 anni
1674 601 1748 638 667
1777 599 1862 648 (87)

393 667 596 705 narrandis
638 677 745 704 usum
789 676 870 703 esse
913 665 1035 703 altero
1081 675 1228 711 quoque
1278 665 1396 709 fonte,
1438 665 1538 701 unde
1573 664 1765 702 addiderit
1793 664 1863 701 hoc

392 732 623 779 auspicium
651 731 762 777 plura
790 731 1006 768 necessaria
1034 740 1109 766 non
1139 732 1262 774 erant,
1292 729 1469 775 quoniam
1498 740 1560 766 res
1588 729 1637 766 ad
1665 728 1864 767 historiam

392 797 626 844 pertinentes
669 796 744 833 iam
787 798 1013 833 narraverat
1042 794 1244 832 secundum
1275 793 1440 840 primum
1469 793 1626 839 fontem,
1670 794 1717 830 ad
1752 804 1863 840 quem

391 862 521 899 statim
550 861 774 899 revertitur.

498 925 561 963 Sic
603 930 685 963 tota
726 925 818 963 belli
863 925 987 963 civilis
1022 923 1244 962 narratione
1273 926 1453 961 accurate
1483 923 1699 960 examinata
1729 927 1862 970 totque

393 991 628 1038 argumentis
670 990 824 1028 minime
866 990 1069 1027 fallacibus
1112 988 1281 1026 collectis
1323 988 1399 1024 iam
1441 988 1674 1034 quaestionis
1710 992 1863 1025 nostrae

393 1067 574 1094 summam
611 1056 804 1093 faciamus.
861 1055 924 1092 Ac
952 1055 1116 1102 primum
1145 1053 1296 1100 quidem
1326 1056 1473 1090 certum
1502 1056 1560 1090 est
1588 1053 1685 1090 hanc
1713 1057 1863 1100 partem

395 1122 519 1168 operis
537 1120 733 1158 Liciniani
753 1131 827 1157 non
849 1130 895 1158 ex
923 1131 998 1157 uno
1029 1119 1134 1156 fonte
1157 1121 1388 1166 excerptam.
1424 1118 1491 1155 sed
1521 1129 1566 1154 ex
1595 1118 1863 1165 compluribus,

394 1186 557 1224 fortasse
586 1185 732 1223 duobus
761 1189 922 1229 tantum,
953 1185 1127 1221 haustam
1157 1195 1249 1221 esse.
1308 1183 1456 1220 Deinde
1486 1183 1649 1220 vidimus
1678 1181 1865 1220 Granium

394 1251 636 1288 narrationes
664 1254 861 1287 auctorum
890 1261 965 1287 non
994 1249 1236 1287 commiscere
1266 1251 1380 1295 atque
1408 1248 1447 1284 in
1475 1258 1589 1284 unum
1611 1247 1860 1285 confundere:

395 1327 550 1364 prorsus
592 1316 753 1353 alienum
797 1319 883 1352 erat
924 1315 970 1352 ab
1006 1315 1087 1351 eius
1122 1313 1275 1360 ingenio
1312 1313 1481 1360 singulas
1509 1324 1571 1349 res
1599 1312 1728 1350 multis
1757 1313 1866 1350 libris

395 1381 573 1418 disiectas
610 1384 721 1427 atque
751 1381 942 1428 dispersas
976 1391 1075 1417 nunc
1104 1391 1150 1416 ex
1178 1379 1250 1416 hoc
1278 1389 1376 1416 nunc
1405 1389 1451 1415 ex
1480 1378 1546 1415 illo
1577 1378 1799 1424 conquirere
1828 1382 1866 1415 et

394 1450 614 1490 contexere,
657 1446 769 1483 immo
805 1456 895 1482 vero
933 1445 1044 1491 pauci
1073 1448 1249 1482 auctores
1280 1444 1313 1481 ei
1342 1443 1381 1480 in
1409 1449 1589 1490 promptu
1620 1446 1742 1488 erant,
1772 1453 1865 1488 quos

391 1512 555 1549 alterum
583 1515 684 1558 post
712 1511 877 1548 alterum
907 1510 1130 1557 exscripsit,
1168 1509 1412 1556 quamobrem
1447 1508 1618 1554 singulas
1653 1507 1864 1554 particulas

393 1588 439 1614 ex
482 1576 641 1613 diversis
682 1574 850 1613 fontibus
894 1578 1062 1622 sumptas
1107 1575 1323 1611 etiamnunc
1359 1573 1460 1611 clare
1492 1573 1719 1619 dignoscere
1750 1575 1864 1618 atque

391 1641 593 1688 seiungere
622 1651 833 1687 possumus.
890 1642 1016 1686 Atque
1045 1640 1159 1676 etiam
1189 1640 1261 1676 hoc
1289 1638 1383 1676 satis
1412 1649 1471 1675 me
1500 1637 1721 1685 probavisse
1751 1648 1862 1685 spero

390 1707 429 1743 in
458 1706 670 1754 posteriore
698 1710 810 1753 parte
844 1705 996 1743 Livium
1026 1705 1234 1742 adhibitum
1270 1715 1363 1749 esse,
1393 1704 1432 1740 in
1451 1703 1580 1750 priore
1602 1707 1728 1739 autem
1749 1703 1863 1739 alium

391 1774 605 1816 auctorem,
649 1781 758 1817 quem
788 1770 1014 1808 Strabonem
1058 1781 1139 1807 esse
1178 1780 1224 1806 ex
1256 1769 1388 1817 paucis
1417 1768 1567 1805 indiciis
1596 1767 1866 1815 suspicandum

392 1846 473 1873 esse
515 1836 712 1883 putabam.
768 1835 965 1873 Habemus
1007 1835 1137 1882 igitur,
1175 1835 1207 1871 si
1236 1834 1287 1879 id,
1332 1833 1429 1880 quod
1459 1833 1595 1871 Busolt
1624 1833 1782 1876 invenit,
1826 1831 1866 1868 in

391 1904 562 1937 nostrum
603 1911 709 1937 usum
756 1900 1024 1944 convertimus,
1069 1901 1139 1937 hoc
1182 1902 1342 1936 stemma
1370 1910 1500 1935 eorum
1529 1899 1767 1946 scriptorum,
1801 1899 1864 1945 qui

391 1976 453 2003 res
483 1967 520 2003 in
548 1965 743 2005 Liciniani
772 1966 996 2012 fragmentis
1025 1968 1338 2003 commemoratas
1366 1967 1638 2002 narraverunt:

889 2066 1003 2105 Sulla
1145 2080 1173 2105 m
1509 2065 1601 2104 Rut.
1632 2064 1762 2113 Rufus

1817 2112 2027 2153 Annalium

253 2154 516 2210 Posidonia&
1856 2169 1988 2216 script.

234 2876 468 2918 Plutarchus
1237 2894 1466 2934 Licinianus

776 2969 808 3006 A
812 2969 976 3016 ιυρίιιηηθ
