2066 3448
967 391 1229 430 -4-

369 520 584 564 statuimus,
615 518 703 555 inde
733 517 832 564 quod
860 515 1078 553 Macrobius
1106 515 1313 552 secundum
1331 514 1469 552 Granii
1488 513 1678 552 Liciniani
1705 513 1844 549 librum

370 585 483 622 affert
526 584 634 630 quasi
662 593 795 619 unum
827 583 973 618 tantum
1001 580 1117 616 huius
1146 579 1347 626 scriptoris
1376 590 1468 626 opus
1498 581 1641 623 exstet,
1685 581 1846 625 apparet

373 651 454 695 hoc,
486 648 586 695 quod
605 647 651 685 de
671 645 965 692 antiquitatibus
985 647 1081 689 erat,
1112 654 1205 691 opus
1224 647 1303 680 tam
1324 643 1470 683 ,clarum
1485 647 1694 689 notumque
1714 642 1844 686 fuisse,

370 720 411 750 ut
440 714 485 750 de
513 713 586 750 hoc
600 712 630 760 1)
658 710 894 759 potissimum
923 709 1170 756 cogitaretur,
1206 719 1290 745 cum
1320 707 1486 745 Granius
1514 707 1736 745 Licinianus
1765 707 1845 744 lau-

371 779 546 815 dabatur.

480 841 555 880 Sed
597 841 781 884 editores,
826 839 908 886 quis
945 839 1062 877 fuerit
1090 839 1267 886 scriptor,
1304 837 1420 875 etiam
1449 837 1663 875 accuratius
1691 836 1848 874 student

372 908 542 945 definire.
584 904 830 943 Contendunt
858 904 958 941 enim
988 915 1070 941 eum
1090 915 1163 942 non
1185 903 1375 941 diversum
1397 913 1481 940 esse
1503 914 1525 939 a
1545 902 1686 940 Granio
1707 901 1848 939 Flacco

373 972 474 1020 apud
503 970 740 1009 Macrobium
770 968 850 1007 Sat.
879 968 912 1013 I,
937 969 996 1015 18,
1017 970 1043 1007 4
1070 968 1134 1017 (fr.
1163 967 1217 1016 V)
1245 979 1320 1005 una
1340 978 1424 1004 cum
1443 966 1622 1005 Varrone
1642 967 1848 1014 appellato,

374 1049 485 1084 quem
515 1036 659 1074 Paulus
687 1035 777 1081 Dig.
808 1034 854 1080 L,
880 1035 938 1077 16,
964 1035 1038 1071 144
1068 1034 1125 1071 ‘de
1154 1034 1238 1071 iure
1258 1033 1477 1080 Papiriano'
1507 1032 1703 1079 scripsisse
1730 1030 1852 1068 tradit

375 1103 439 1150 (fr.
469 1101 566 1150 VI),
609 1099 845 1137 Censorinus
887 1099 933 1137 de
977 1099 1036 1137 die
1066 1102 1145 1137 nat.
1174 1098 1250 1143 ΙΠ,
1274 1099 1297 1135 2
1327 1098 1468 1135 librum
1496 1098 1545 1134 ad
1575 1097 1776 1135 Caesarem
1806 1095 1850 1132 de

372 1166 671 1214 indigitamentis
706 1165 892 1212 scriptum
926 1164 1124 1211 reliquisse
1152 1167 1318 1201 testatur
1348 1162 1411 1211 (fr.
1442 1162 1532 1210 IV).
1589 1163 1724 1208 Itaque
1752 1162 1852 1198 hunc

374 1233 611 1280 scriptorem,
642 1231 703 1267 cui
721 1241 858 1267 nomen
878 1230 995 1267 fuerit
1016 1228 1185 1267 Granius
1208 1229 1372 1266 Flaccus
1391 1228 1626 1274 Licinianus,
1657 1226 1852 1273 aequalem

374 1297 489 1335 fuisse
518 1295 697 1334 Caesaris
739 1298 915 1332 statuunt
958 1298 1073 1340 atque
1116 1294 1301 1341 perpaulo
1346 1298 1434 1341 post
1462 1292 1686 1330 Sallustium
1725 1292 1853 1338 (quem

374 1362 439 1400 fol.
471 1361 527 1400 IV
546 1373 566 1398 r
594 1360 778 1408 appellat)
821 1363 861 1396 et
889 1362 979 1396 ante
1008 1359 1159 1396 Livium
1189 1369 1282 1406 opus
1313 1358 1538 1396 historicum
1568 1356 1852 1404 conscripsisse,

377 1439 422 1465 ex
457 1438 529 1474 quo
559 1426 674 1463 Pertz
704 1429 833 1462 censet
862 1436 945 1461 esse
975 1425 1193 1471 fragmenta
1220 1424 1331 1461 nobis
1360 1427 1532 1467 servata,
1577 1433 1673 1469 quae
1704 1421 1854 1468 quidem

377 1492 459 1530 edd.
490 1492 608 1528 Bonn.
640 1490 835 1528 ascribunt
864 1490 1053 1537 epitomae
1083 1489 1368 1527 Antoninorum
1397 1489 1632 1536 temporibus
1660 1487 1788 1525 factae
1818 1490 1857 1524 et

376 1557 508 1604 paucis
551 1555 817 1603 epitomatoris
861 1555 1132 1592 additamentis
1176 1557 1322 1592 auctae.
1378 1554 1537 1592 Ceteras
1566 1564 1716 1599 causas,
1762 1562 1856 1598 quas

378 1622 492 1659 Pertz
521 1621 695 1668 protulit,
726 1624 770 1656 ut
790 1620 1032 1657 Licinianum
1062 1623 1151 1656 ante
1171 1619 1322 1656 Livium
1344 1619 1543 1666 scripsisse
1564 1618 1856 1662 demonstraret,

381 1687 516 1724 merito
560 1686 643 1723 edd.
674 1685 797 1723 Bonn.
843 1689 921 1721 tam
964 1694 1082 1721 vanas
1111 1695 1194 1721 esse
1223 1684 1502 1728 iudicaverunt,
1531 1687 1576 1721 ut
1603 1684 1761 1730 longum
1789 1693 1858 1730 pu-

381 1756 509 1789 tarent
537 1751 623 1788 illas
651 1750 833 1787 refutare.
883 1750 1070 1787 Granium
1097 1748 1279 1787 Flaccum
1309 1754 1436 1786 autem
1465 1749 1753 1795 disiungendum
1783 1759 1859 1785 non

381 1828 463 1854 esse
498 1827 520 1854 a
550 1815 694 1854 Granio
723 1815 923 1852 Liciniano
954 1825 999 1852 ne
1029 1815 1069 1852 hi
1098 1815 1248 1861 quidem
1278 1818 1527 1861 negaverunt.
1586 1813 1660 1851 Sed
1688 1813 1755 1851 alii
1783 1813 1859 1851 viri

384 1882 486 1920 docti
513 1892 579 1919 suo
607 1882 691 1918 iure
720 1881 792 1918 hac
820 1880 867 1917 de
895 1891 937 1918 re
968 1891 1052 1918 cum
1083 1880 1159 1917 illis
1188 1879 1430 1918 dissentiunt.
1441 1879 1472 1928 2)

522 1946 694 1983 Primum
721 1946 819 1983 enim
839 1946 879 1990 ii,
909 1946 975 1992 qui
996 1944 1182 1983 Granium
1204 1945 1382 1983 Flaccum
1403 1945 1564 1983 eundem
1584 1956 1666 1983 esse
1685 1948 1861 1982 statuunt

383 2023 492 2058 quem
513 2011 701 2050 Granium
720 2011 974 2053 Licinianum,
1004 2014 1230 2057 argumenta
1251 2010 1419 2048 afferunt
1438 2011 1530 2048 satis
1553 2010 1680 2048 exilia.
1717 2009 1863 2047 Dicunt

384 2077 482 2114 enim
513 2075 699 2114 Granium
728 2076 829 2123 apud
856 2076 1013 2113 Festum
1043 2087 1070 2112 s.
1102 2087 1137 2113 v.
1174 2076 1277 2113 ricae
1306 2087 1341 2122 p.
1364 2076 1441 2113 277
1469 2076 1522 2113 Μ.
1553 2075 1618 2124 (fr.
1639 2075 1716 2123 XI)
1745 2075 1863 2112 nomi-

480 2206 506 2250 1)
534 2205 677 2240 Titulus
704 2205 812 2239 huius
839 2204 960 2250 operis
986 2206 1082 2239 teste
1117 2203 1243 2239 Servio
1269 2204 1292 2238 1.
1319 2215 1361 2247 c.‚
1387 2204 1451 2239 ubi
1476 2203 1561 2239 libri
1585 2214 1781 2239 numerum
1806 2214 1865 2239 ve-

385 2265 538 2300 risimile
565 2266 622 2300 est
647 2264 828 2300 excidisse
847 2263 904 2307 (cf.
925 2264 981 2299 ed.
1000 2264 1118 2299 Bonn.
1136 2275 1169 2309 p.
1189 2265 1233 2299 46
1255 2263 1366 2308 adn),
1393 2265 1472 2299 erat
1493 2265 1638 2308 „cena“,
1663 2263 1736 2298 nisi
1752 2266 1864 2299 verba

386 2327 509 2360 ‘cenae
536 2324 636 2359 suae‘
662 2324 873 2369 putabimus
900 2334 981 2358 esse
1007 2325 1190 2368 corrupta.

481 2384 507 2427 ²)
535 2382 693 2427 Madvig,
734 2381 966 2427 Comparetti
993 2382 1028 2423 11.
1056 2384 1117 2427 0.),
1156 2382 1197 2418 G.
1225 2382 1363 2417 Linker
1388 2382 1579 2427 praeclara
1605 2381 1866 2427 disputatione,

388 2453 482 2488 quae
508 2444 565 2477 est
589 2442 627 2477 in
653 2441 834 2479 Fleckeis.
861 2452 946 2477 ann.
976 2441 1065 2486 phil.
1092 2441 1259 2477 LXXVII
1285 2443 1405 2487 (1858)
1432 2452 1468 2486 p.
1488 2442 1554 2477 628
1582 2452 1661 2487 sqq.
1704 2441 1867 2476 Huncin

389 2502 596 2536 universum
624 2511 690 2545 ego
716 2501 755 2535 in
780 2507 947 2546 tempore
973 2501 1163 2546 scriptoris
1191 2500 1398 2536 definiendo
1425 2512 1570 2546 sequor.
1610 2501 1666 2536 De
1692 2500 1868 2545 Madvigii

390 2564 426 2596 et
451 2560 691 2605 Comparettii
723 2561 918 2595 sententiis
944 2560 1041 2595 infra
1066 2560 1246 2596 iudicabo.
1288 2580 1330 2585 -
1370 2560 1423 2595 At
1449 2560 1632 2595 editorum
1657 2561 1702 2596 de
1729 2559 1866 2596 Granio

389 2619 519 2654 Flacco
546 2619 735 2655 Liciniano
762 2620 985 2655 sententiam
1012 2620 1130 2655 secuti
1156 2621 1243 2654 sunt
1270 2619 1311 2657 C.
1336 2619 1382 2655 M.
1408 2619 1603 2655 Francken
1628 2620 1668 2654 in
1685 2619 1868 2655 FleckeiS.

391 2689 474 2713 ann.
500 2678 588 2724 phil.
609 2678 737 2724 Suppl.
756 2678 808 2714 III
827 2680 947 2724 (1860)
974 2691 1007 2724 p.
1029 2681 1096 2714 250
1122 2678 1201 2724 (qui
1227 2689 1308 2713 cnm
1327 2679 1444 2714 Bonn.
1472 2678 1517 2714 de
1537 2679 1696 2724 epitome
1714 2679 1868 2723 cogitat)

392 2739 428 2772 et
453 2737 495 2773 G.
520 2737 676 2773 Kettner
714 2737 929 2780 „Cornelius
955 2738 1098 2780 Labeo,
1137 2738 1197 2773 ein
1221 2738 1372 2782 Beitrag
1410 2750 1473 2773 zur
1500 2738 1771 2782 Quellenkritik
1803 2738 1868 2774 des

392 2796 599 2832 Arnobius“
629 2796 787 2841 (Psortae
817 2800 922 2842 1877)
947 2809 983 2843 p.
1013 2800 1054 2834 10
1080 2797 1163 2833 adn.
