2066 3448
363 531 528 569 Restant
548 543 671 578 pauca
690 531 905 579 fragmenta
923 533 1082 577 minora,
1103 544 1198 579 quae
1218 544 1300 571 cum
1321 534 1379 579 iis,
1410 546 1505 581 quae
1524 535 1647 573 adhuc
1666 547 1728 574 ex-

256 595 409 644 plicavi,
438 606 512 633 non
543 601 722 643 poterant
749 608 824 634 una
851 598 891 634 in
920 598 1086 634 medium
1113 598 1292 645 proferri.

367 661 399 698 l.
429 659 506 697 fol.
536 660 600 698 IX
629 672 652 698 u
694 662 770 711 (ed.
800 662 920 700 Bonn.
951 674 986 709 p.
1020 663 1094 707 10,
1125 674 1168 700 ex
1198 663 1282 701 libr.
1320 663 1516 714 XXVIII)
1560 666 1730 703 continet

257 725 442 772 quaedam
458 725 657 768 miracula.
678 737 839 773 quorum
860 728 956 773 quod
979 730 1038 765 est
1053 728 1098 764 de
1116 727 1290 766 Coi-fidiis
1306 728 1490 767 fratribus
1506 730 1562 779 (A
1579 730 1601 766 7
1616 732 1728 779 sqq.)‚

256 801 280 827 a
307 789 480 827 Varrone
508 802 656 838 quoque
685 792 787 838 apud
815 791 917 830 Plin.
954 792 1045 829 hist.
1074 798 1153 830 nat.
1187 792 1275 839 VII,
1306 793 1367 839 52,
1404 795 1475 831 177
1506 798 1616 832 tanta
1644 806 1728 833 cum

256 855 456 892 verborum
500 857 750 902 congruentia
786 856 990 904 profertur,
1033 860 1077 894 ut
1116 860 1221 895 recte
1262 858 1338 895 iam
1366 858 1481 896 Pertz
1516 860 1729 907 suspicatus

256 930 339 958 esse
380 920 474 958 mihi
515 920 693 958 videatur
720 921 963 959 Licinianum
1005 922 1076 959 1100
1105 934 1152 960 ex
1179 923 1351 960 Varrone
1395 924 1585 968 hausisse;
1628 924 1730 970 quod

255 985 407 1022 minime
442 985 514 1022 tibi
548 986 683 1023 mirum
714 986 804 1032 erit,
850 988 882 1023 si
923 988 1162 1034 reputaveris
1191 987 1429 1025 Licinianum
1459 989 1729 1035 antiquitatum

257 1049 582 1097 diligentissimum
613 1051 743 1096 fuisse,
773 1055 816 1088 ut
843 1052 919 1088 iam
948 1052 1098 1098 saepius
1129 1053 1388 1099 eognovimus.
1444 1053 1531 1091 Hac
1565 1054 1728 1091 necessi-

256 1114 388 1152 tudine
429 1118 629 1163 perspecta
670 1115 783 1153 facile
828 1116 935 1154 nobis
963 1116 1275 1163 persuadebimus
1312 1118 1426 1155 etiam
1457 1129 1514 1163 ea,
1557 1118 1727 1164 quaein

257 1179 380 1227 primo
422 1180 641 1226 fragmento
686 1179 767 1229 (fol.
799 1181 853 1218 XI
881 1192 918 1225 11,
965 1181 1023 1218 ed.
1078 1181 1203 1219 ³Bonn.
1234 1193 1269 1229 p.
1299 1181 1340 1231 4)
1383 1183 1432 1219 ad
1478 1183 1729 1230 antiquitates

258 1245 452 1292 pertinent
481 1244 547 1293 (cf.
578 1256 693 1292 supra
721 1257 756 1292 p.
792 1247 839 1282 12
868 1246 953 1294 sq.)‚
983 1247 1209 1293 scriptorem
1238 1247 1376 1284 debere
1405 1247 1586 1285 Varroni.

363 1309 580 1354 Corfidium,
624 1310 732 1347 cuius
776 1310 821 1348 de
862 1311 1057 1358 inopinato
1100 1312 1147 1348 ad
1190 1312 1309 1349 vitam
1350 1312 1479 1350 reditu
1523 1313 1645 1350 Varro
1691 1317 1729 1350 et

256 1374 477 1412 Licinianus
506 1379 677 1419 narrant,
707 1375 862 1412 Ernesti
891 1375 1053 1413 eundem
1080 1377 1244 1423 putabat
1272 1387 1355 1414 esse
1384 1380 1497 1423 atque
1526 1377 1571 1415 L.
1631 1376 1725 1415 Cor-

256 1439 385 1476 fidium
413 1450 437 1476 a
465 1437 650 1476 Cicerone
692 1451 760 1487 pro
790 1440 950 1486 Ligario
984 1442 1044 1484 11,
1075 1441 1124 1477 33
1155 1441 1406 1488 appellatum,
1451 1443 1614 1488 equitem
1648 1442 1728 1480 Ro·

252 1514 425 1550 manum,
470 1504 515 1552 Q.
558 1504 710 1551 Ligarii
756 1505 982 1542 advocatum
1028 1505 1181 1551 eiusque
1229 1507 1574 1553 pernecessarium,
1623 1508 1729 1544 cuius

256 1579 390 1607 nomen
410 1567 545 1607 Cicero
575 1580 620 1606 ex
648 1569 716 1606 illa
744 1570 914 1607 oratione
942 1570 1028 1607 tolli
1055 1570 1208 1607 volebat
1235 1570 1302 1619 <ad
1328 1571 1414 1610 Att.
1446 1571 1558 1616 XIII,
1587 1572 1649 1618 44,
1672 1572 1728 1620 ὃ),

256 1634 435 1681 quoniam
454 1633 655 1672 Comidius
697 1635 771 1671 iam
817 1638 989 1672 mortuus
1019 1639 1116 1679 erat,
1160 1646 1244 1672 cum
1272 1635 1339 1672 illa
1368 1637 1491 1673 oratio
1521 1636 1626 1673 dicta
1654 1640 1727 1675 est.

256 1699 362 1736 Idem
393 1699 459 1736 alii
488 1700 562 1737 viri
592 1700 693 1737 docti
722 1700 833 1737 multi
854 1704 1083 1737 censuerunt
1103 1700 1168 1748 (cf.
1190 1699 1412 1747 Schneider,
1442 1701 1523 1739 vita
1544 1702 1729 1739 Varronis

257 1764 296 1802 in
324 1763 482 1812 Scriptt.
513 1764 564 1802 R.
593 1765 641 1803 R.
671 1764 704 1810 Ι,
736 1766 758 1801 2
788 1776 822 1812 p.
855 1765 929 1802 217
960 1770 997 1802 et
1025 1764 1154 1811 Orelli,
1186 1764 1320 1802 Onom.
1351 1766 1450 1804 Tull.
1480 1778 1508 1803 s.
1540 1777 1573 1804 v.
1603 1765 1728 1804 Corfi-

257 1828 369 1878 dius).
426 1830 501 1868 Sed
542 1833 742 1876 postquam
771 1830 878 1867 nobis
906 1830 1096 1867 Liciniani
1124 1830 1382 1876 fragmentum
1412 1831 1590 1876 innotuit,
1629 1832 1728 1878 quod

257 1905 305 1931 ex
331 1894 430 1932 libro
459 1893 634 1932 XXVIII
665 1897 722 1932 est
749 1906 810 1932 res
839 1905 1023 1932 annorum
1053 1895 1128 1932 591
1160 1894 1270 1944 (163)
1307 1898 1346 1932 et
1375 1895 1452 1933 592
1482 1895 1596 1944 (162)
1625 1907 1727 1933 00111-

256 1959 460 2006 plectente,
473 1959 506 2008 ¹)
536 1959 795 2006 intellegimus
824 1959 910 1996 illos
938 1959 976 1996 111
1005 1970 1172 1996 errorem
1191 1959 1370 1997 incidisse
1393 1964 1504 2006 atque
1524 1960 1728 2007 opprobrio

254 2024 474 2061 faciendum
503 2027 562 2061 est
580 2023 732 2062 De-Vit
751 2023 903 2072 (Onom.
924 2023 966 2061 II
986 2035 1022 2071 p.
1043 2024 1152 2072 413),
1182 2023 1280 2070 quod
1308 2024 1346 2061 in
1374 2024 1526 2062 illorum
1555 2025 1725 2063 virorum

256 2090 447 2126 sententia
474 2090 748 2137 perseveravit.

360 2154 457 2192 Post
470 2154 539 2192 illa
555 2155 673 2192 verba
692 2154 956 2192 observatione
973 2153 1193 2200 dignissima
1209 2154 1258 2201 (A
1275 2154 1324 2191 20
1341 2175 1390 2179 -
1409 2153 1442 2190 Β
1459 2152 1512 2202 9),
1534 2153 1579 2191 (10
1595 2155 1730 2200 quibus

256 2219 295 2256 in
325 2218 480 2256 exordio
508 2219 583 2256 iam
614 2223 740 2256 actum
770 2223 845 2262 est,
886 2219 1008 2255 altera
1037 2218 1210 2255 columna
1238 2221 1416 2255 accurate
1446 2218 1650 2265 exponitur
1682 2218 1728 2255 de

255 2284 386 2321 nuntio
416 2295 439 2321 a
467 2283 625 2321 Tiberio
668 2283 843 2321 Graccho
888 2284 1045 2320 Romam
1091 2283 1225 2327 misso,
1268 2293 1341 2329 quo
1385 2283 1476 2320 anni
1505 2282 1580 2320 592
1612 2282 1727 2331 (162)

256 2349 429 2387 consules
444 2349 485 2387 P.
505 2348 723 2387 Cornelium
740 2348 954 2396 Scipionem
974 2351 1012 2384 et
1029 2347 1262 2386 CMareium
1279 2348 1457 2394 Figulum
1474 2349 1635 2386 comitiis
1651 2360 1673 2385 a
1688 2359 1726 2386 se

255 2413 396 2451 habitis
425 2414 554 2451 docuit
582 2414 678 2452 vitio
708 2418 855 2451 creatos
884 2412 1021 2461 esse.2)
1076 2412 1165 2450 Huc
1206 2412 1389 2449 miracula
1433 2423 1581 2459 quoque
1611 2418 1727 2449 antea

255 2483 546 2516 commemorata
569 2479 672 2516 haud
693 2479 804 2516 dubie
824 2478 1024 2515 referenda
1045 2481 1145 2515 sunt.
1199 2476 1332 2515 Verba
1351 2477 1511 2514 alterius
1532 2477 1726 2514 columnae

253 2543 364 2581 valde
399 2544 577 2582 mutilata
608 2544 692 2581 edd.
722 2544 844 2581 Bonn.
875 2542 1080 2580 secundum
1109 2540 1189 2580 Cic.
1221 2542 1267 2579 de
1293 2545 1373 2580 nat.
1403 2541 1504 2579 deor.
1535 2541 1590 2588 ΙΙ,
1618 2543 1654 2585 4,
1679 2541 1724 2578 11

348 2685 376 2729 ¹)
404 2683 472 2720 Cui
510 2685 564 2720 rei
589 2695 662 2719 non
689 2684 827 2728 obstat,
867 2682 963 2729 quod
990 2681 1108 2717 Plinio
1133 2682 1228 2717 teste
1253 2681 1318 2716 ille
1346 2680 1525 2717 Corfidius
1551 2681 1727 2717 Varronis

249 2745 472 2780 materterae
497 2744 654 2779 maritus
683 2745 771 2778 erat.

345 2804 372 2849 ²)
398 2803 453 2839 De
481 2814 553 2849 qua
578 2814 619 2838 re
645 2802 688 2838 cf.
715 2802 918 2838 Mommsen
943 2800 1072 2847 „Rom
1092 2799 1347 2837 Staatsrecht“
1372 2799 1405 2834 1³
1431 2811 1468 2845 p.
1489 2801 1555 2835 103
1586 2798 1670 2834 adn.
1689 2801 1724 2833 4.

321 2875 464 2904 Berliner
485 2873 624 2903 Studien.
662 2872 749 2902 XVI.
768 2872 824 2900 Bd.
861 2873 886 2900 3.
905 2871 990 2901 Heft.
1494 2862 1514 2894 b
