2066 3448
1016 375 1311 415 -26—

423 513 467 540 re
496 501 712 539 enarranda
753 501 919 547 scriptor
961 501 1062 538 redit
1097 501 1202 537 ultra
1230 504 1391 538 mortem
1420 502 1542 549 patris
1569 501 1790 540 Nicomedis
1820 500 1899 548 ΙΙΙ)

423 568 449 604 1.
472 578 503 604 0.
525 567 630 603 ultra
659 577 800 603 annum
830 565 986 603 circiter
1015 566 1092 602 660
1121 565 1218 614 (94).
1268 566 1344 604 Sed
1371 567 1556 612 quomodo
1585 579 1621 614 p.
1646 567 1694 604 34
1713 566 1775 604 fin.
1797 569 1901 603 tran-

426 631 539 669 situm
568 630 616 668 ad
644 630 792 677 priores
819 640 882 668 res
910 629 1139 677 Bithynicas
1167 630 1399 677 reppererit,
1429 630 1520 668 <dici
1553 631 1629 668 iam
1656 642 1732 668 non
1760 634 1900 678 potest,

424 707 506 733 cum
550 695 635 732 finis
681 694 746 732 fol.
792 694 833 732 II
852 706 872 732 r
915 695 1008 732 adeo
1051 695 1104 732 sit
1146 694 1366 738 mutilatus,
1409 698 1453 732 ut
1496 695 1542 733 de
1583 696 1750 733 remedio
1788 696 1902 743 plane

425 761 620 808 desperes.
632 759 662 807 2)

530 826 648 862 Recte
676 824 753 861 iam
782 828 905 861 totum
936 824 1195 871 fragmentum
1218 824 1425 872 explicavit
1444 825 1514 862 Th.
1534 825 1706 863 Reinach
1728 825 1902 873 „Mithri-

426 891 537 928 dates
556 890 756 936 Eupator“
779 889 862 937 (qui
891 889 991 927 liber
1018 891 1056 926 in
1084 893 1255 927 nostrum
1284 900 1497 927 sermonem
1526 889 1573 928 ab
1594 889 1755 928 Goetzio
1774 894 1903 928 trans-

424 956 526 993 latus
564 958 640 999 est,
684 954 791 1002 Lips.
824 954 945 1003 1895)
974 967 1010 1002 p.
1044 954 1300 1002 106-108,3)
1357 954 1432 992 Sed
1460 965 1549 991 num
1578 966 1672 993 vera
1699 956 1777 993 sint
1805 966 1903 1001 quae

424 1020 545 1057 tradit
563 1020 797 1065 Licinianus,
828 1031 872 1057 eo
899 1020 1024 1057 minus
1043 1023 1171 1067 potest
1190 1019 1402 1066 diiudicari,
1434 1019 1534 1067 quod
1552 1020 1655 1067 apud
1676 1031 1760 1058 eum
1780 1021 1903 1058 solum

423 1086 518 1123 haec
546 1085 717 1132 legimus.
786 1084 918 1122 Pauca
959 1085 1076 1132 enim,
1121 1096 1219 1132 quae
1261 1088 1463 1132 praeterea
1505 1085 1552 1122 de
1594 1084 1753 1123 Socrate
1795 1085 1904 1133 regni

426 1151 574 1188 aemulo
604 1150 830 1196 traduntur,
873 1150 1069 1197 pertinent
1097 1150 1145 1187 ad
1181 1151 1399 1198 posteriora
1427 1154 1615 1197 tempora.
1673 1149 1735 1188 Ea
1763 1154 1902 1194 autem,

422 1226 520 1262 quae
561 1218 648 1263 post
691 1215 773 1252 eius
816 1226 898 1252 cum
942 1215 1181 1253 Mithra-date
1225 1215 1528 1253 coniunctionem
1558 1215 1802 1258 acciderunt,
1834 1216 1904 1252 hoc

426 1281 639 1328 fragmento
668 1292 743 1318 non
771 1281 847 1317 iam
877 1284 1230 1317 commemorantur.

528 1416 553 1460 ¹)
580 1416 649 1451 Hic
675 1415 773 1461 apud
799 1414 874 1450 Lic.
894 1414 1104 1460 appellatur
1129 1414 1355 1459 ‘Euergetes'
1383 1414 1431 1456 <A
1448 1415 1485 1459 4)
1512 1416 1553 1449 ut
1571 1413 1653 1449 edd.
1672 1414 1788 1449 Bonn.
1806 1415 1906 1449 recte

426 1479 675 1511 correxerunt.
725 1474 856 1510 Adhuc
882 1485 1116 1509 nummorum
1140 1474 1352 1510 testimonio
1380 1473 1535 1516 (Eckhel
1559 1473 1604 1509 D.
1629 1473 1674 1508 N.
1700 1473 1733 1508 II
1760 1483 1794 1517 p.
1820 1473 1907 1516 444)

426 1536 630 1571 vocabatur
655 1534 881 1579 Epiphanes.
931 1533 1002 1569 Sed
1028 1535 1070 1568 ut
1094 1534 1169 1568 iam
1192 1532 1387 1569 Francken
1413 1544 1447 1578 p.
1466 1534 1534 1569 260
1561 1532 1715 1575 monuit⁷
1740 1542 1815 1567 non
1839 1532 1905 1566 im-

424 1593 615 1639 probabile
658 1595 715 1629 est
755 1592 988 1638 „Epiphanis
1030 1603 1234 1637 cognomen
1277 1592 1400 1638 potius
1438 1593 1616 1638 tanquam
1641 1591 1906 1636 appellativum

427 1658 485 1697 (z
505 1653 678 1697 Augusti)
705 1652 804 1696 regis
829 1651 938 1687 titulo
964 1662 1075 1697 quam
1100 1652 1240 1687 nomini
1266 1651 1416 1697 proprio
1442 1650 1609 1686 additum
1638 1661 1730 1695 esse,
1757 1650 1844 1696 quia
1868 1650 1907 1684 in

432 1712 591 1748 nummis
622 1712 828 1757 Ἐκφάνους
859 1721 1007 1756 semper
1037 1711 1187 1756 ponitur
1205 1713 1290 1756 post
1314 1709 1479 1756 βασιλέως
1498 1712 1535 1745 et
1552 1712 1638 1745 ante
1654 1708 1909 1756 Naxon-&bour

520 1772 546 1815 ²)
572 1771 708 1806 Parum
732 1771 932 1806 Verisimile
957 1770 1136 1815 arbitror,
1173 1770 1271 1816 quod
1296 1769 1493 1805 Francken
1517 1781 1552 1815 p.
1579 1770 1649 1804 244
1676 1769 1720 1804 de
1745 1768 1908 1804 transitu

425 1842 448 1866 a
477 1841 569 1877 pace
595 1830 641 1866 ad
667 1841 726 1865 res
754 1830 917 1866 Socratis
947 1828 1046 1864 facto
1072 1830 1240 1873 coniecit,
1268 1829 1331 1875 qui
1355 1830 1475 1875 prima
1499 1828 1612 1864 verba
1628 1827 1785 1863 fol.11u
1809 1827 1909 1873 ‘[in]-

423 1890 565 1926 vidiose
604 1889 855 1936 exequebatur
872 1890 917 1934 (P)
958 1889 1079 1934 [sapis
1117 1889 1302 1924 exercitus
1340 1888 1379 1923 in
1416 1888 1539 1934 priore
1578 1887 1804 1933 [fo]r[t]una'
1830 1886 1902 1930 (ed.

425 1950 559 1995 Bonn.)
586 1949 776 1984 liberrime
801 1949 853 1984 sic
879 1950 1021 1983 mutata
1046 1948 1130 1984 ι1111.
1150 1959 1206 1984 ex.
1226 1948 1466 1993 [quantam]
1487 1945 1697 1993 ex[p]ertus
1724 1946 1762 1981 in
1780 1946 1903 1991 priore

426 2009 537 2053 [vita
561 2008 842 2054 fo]r[t]una[m]'
869 2007 983 2043 refert
1008 2007 1055 2042 ad
1081 2007 1282 2043 Socratem.
1333 2007 1543 2043 Referenda
1580 2007 1704 2052 potius
1743 2007 1830 2041 sunt
1861 2005 1908 2041 ad

424 2067 664 2104 Nicomedem
692 2068 755 2104 ΠΙ.
807 2069 929 2104 Verba
956 2069 1053 2103 enim
1080 2070 1164 2104 ‘uno
1190 2069 1262 2103 isto
1282 2067 1367 2103 filio’
1386 2073 1433 2109 (v.
1455 2069 1501 2112 S),
1527 2060 1909 2113 quibus'significatur

424 2127 647 2163 Nicomedes
673 2127 736 2173 ΙΙΙ,
762 2128 922 2173 intelligi
946 2138 1019 2163 non
1047 2130 1220 2172 possunt,
1254 2128 1327 2162 nisi
1353 2129 1463 2162 antea
1489 2127 1534 2162 de
1561 2127 1641 2162 hoc
1667 2136 1789 2161 sermo
1816 2126 1906 2160 erat.

520 2188 548 2233 ³)
575 2187 603 2223 F
606 2187 800 2223 ranckenii
818 2188 1000 2233 expositio
1019 2188 1110 2223 satis
1128 2187 1338 2232 artificiosa,
1365 2197 1475 2232 quam
1492 2186 1552 2221 1110
1569 2187 1740 2231 repetere
1757 2184 1907 2229 longum

429 2249 499 2291 est,
528 2247 738 2283 collabitur.
787 2247 929 2282 Nititur
958 2247 1127 2292 inprimis
1167 2247 1224 2281 his
1250 2246 1372 2281 verbis
1399 2245 1466 2281 col.
1486 2246 1515 2281 B
1535 2248 1555 2282 5
1582 2256 1663 2291 sqq.
1691 2244 1822 2286 ι1101001
1846 2243 1909 2279 So-

425 2308 547 2342 crates
587 2306 633 2342 ad
670 2317 796 2352 regem
830 2306 917 2342 fecit
939 2308 1091 2351 {regem
1116 2305 1231 2342 refert
1255 2305 1394 2341 bellum
1421 2305 1561 2351 conltra
1592 2303 1747 2340 fratrem
1777 2303 1908 2338 incita-

428 2366 539 2401 visse'
567 2365 676 2401 nimis
704 2366 878 2401 audacter
902 2367 955 2401 ita
980 2366 1155 2401 correctis
1179 2365 1288 2400 ‘hanc
1314 2365 1484 2401 Socrates
1510 2363 1558 2400 ad
1589 2363 1753 2400 bellum
1780 2363 1908 2398 contra

423 2435 579 2470 regem
607 2425 645 2470 (1.
674 2436 705 2461 e.
730 2425 1007 2470 Mithradatem)
1044 2425 1158 2461 refert
1194 2424 1348 2460 fratrem
1379 2423 1615 2467 incitavisse'‚
1654 2432 1766 2468 quam
1789 2422 1907 2456 muta-

424 2484 564 2520 tionem
603 2485 655 2520 sic
693 2484 875 2520 defendit:
912 2484 1027 2520 verba
1064 2486 1201 2529 ‘regem
1231 2482 1356 2519 refert'
1383 2493 1466 2518 cum
1493 2481 1745 2528 dittographia
1769 2482 1908 2525 ‘regem

425 2543 521 2579 fecit'
549 2543 670 2579 alieno
696 2543 776 2579 loco
804 2546 909 2579 erant
933 2544 1085 2579 inserta.
1136 2542 1210 2578 Sed
1235 2542 1403 2588 quamvis
1431 2541 1612 2577 concedas
1644 2540 1714 2575 1100
1739 2539 1818 2575 fieri
1843 2549 1906 2584 po-

425 2604 554 2649 tuisse,
579 2606 704 2639 tamen
729 2602 889 2648 intelligi
914 2614 989 2639 non
1013 2604 1148 2648 potest,
1175 2600 1359 2648 quomodo
1387 2600 1476 2636 ‘rex'
1508 2611 1576 2646 per
1593 2611 1643 2641 se,
1670 2600 1780 2635 antea
1798 2597 1906 2633 Nico-

423 2662 531 2697 mede
568 2664 714 2698 tantum
754 2664 1055 2705 commemorato,
1081 2661 1288 2706 significare
1314 2660 1431 2706 possit
1456 2658 1735 2695 Mithradatem!
1786 2656 1907 2693 Verba

423 2722 561 2766 ‘regem
587 2721 684 2757 fecit'
718 2723 760 2757 ut
784 2721 1035 2767 dittographia
1061 2732 1142 2756 cum
1169 2720 1250 2756 edd.
1277 2720 1394 2755 Bonn.
1421 2718 1581 2755 delenda
1607 2718 1731 2763 potius
1757 2718 1845 2753 sunt
1870 2717 1907 2751 et

421 2791 488 2815 rex
513 2782 593 2816 sine
619 2781 729 2816 dubio
756 2783 812 2817 est
837 2780 1056 2816 Nicomedes
1083 2780 1135 2816 ΙΙΙ
1162 2779 1221 2826 (cf.
1247 2778 1410 2815 Reinach
1436 2789 1470 2824 p.
1502 2779 1566 2814 107
1594 2777 1718 2823 med).
