2066 3448
1033 364 1320 403 ,36-

438 491 551 528 facile
581 490 759 527 concedet
780 489 1016 525 Licinianum
1044 488 1083 525 in
1113 488 1368 526 describendis
1396 489 1454 525 his
1481 489 1636 536 proeliis
1665 500 1739 526 non
1767 488 1906 525 adiisse

442 556 607 594 Livium.

550 619 632 656 Iam
662 619 866 662 videamus,
897 620 1129 664 appareatne
1157 617 1359 663 vestigium
1388 617 1585 663 quoddam,
1614 629 1686 664 quo
1721 617 1908 655 Liciniani

440 688 575 722 auctor
604 686 866 727 cognoscatur.
907 682 967 718 Ex
997 682 1129 719 Granii
1158 692 1241 718 cum
1261 681 1393 719 Cassio
1421 682 1545 719 Dione
1574 694 1769 727 consensu,
1799 693 1908 728 quem

442 749 481 785 in
510 748 667 794 singulis
696 748 807 784 rebus
836 757 951 793 supra
979 746 1305 793 deprehendimus,
1337 746 1432 783 nihil
1459 746 1521 784 hic
1549 747 1639 784 licet
1668 747 1907 792 concludere,

442 824 525 850 cum
554 823 627 859 quo
657 823 702 848 ex
731 811 836 848 fonte
865 811 937 847 Dio
972 811 1151 858 pendeat,
1195 811 1306 857 plane
1349 811 1576 857 ignoremus.
1632 811 1709 848 Sed
1743 811 1909 849 fortasse

442 878 715 924 proprietatem
757 875 944 922 quandam
985 876 1275 922 grammaticam
1318 876 1357 912 in
1393 887 1501 912 usum
1535 879 1707 913 nostrum
1735 877 1910 914 conferre

444 952 653 989 possumus,

548 1006 730 1052 Legimus
772 1005 870 1042 enim
915 1017 952 1052 p.
998 1007 1043 1042 16
1088 1004 1163 1052 (ed.
1206 1005 1345 1052 Bonn.)
1388 1005 1459 1043 col.
1502 1003 1557 1042 A:
1602 1005 1666 1042 ‘M.
1715 1005 1910 1042 Aurelium

444 1070 631 1108 Scaurum
653 1091 701 1097 -
723 1073 905 1117 ceperunt
925 1081 1019 1116 equo
1041 1070 1245 1114 deiectum3
1275 1081 1371 1106 nam
1400 1070 1432 1107 is
1460 1073 1615 1107 vocatus
1643 1071 1683 1107 in
1712 1070 1912 1108 concilium

443 1136 493 1172 ab
523 1136 554 1172 is
583 1135 678 1171 nihil
707 1135 902 1181 indignum
931 1135 1012 1172 viro
1041 1135 1213 1172 Romano
1241 1156 1289 1161 -—
1311 1138 1377 1171 aut
1404 1134 1497 1171 fecit
1525 1138 1590 1171 aut
1619 1134 1724 1172 dixit.
1755 1135 1912 1181 itaque

448 1201 677 1237 interfectus
697 1203 765 1244 est,
797 1210 880 1236 cum
900 1203 1029 1246 posset
1047 1198 1236 1245 effugere’,
1266 1200 1332 1236 ubi
1352 1199 1391 1237 C.
1414 1199 1462 1237 Gr.
1484 1198 1655 1237 Schmidt
1675 1199 1794 1246 (Phil.
1813 1199 1914 1237 XIII

447 1276 482 1311 p.
513 1264 606 1313 225)
634 1276 702 1311 pro
734 1265 842 1301 ‘nam'
874 1264 1070 1311 proposuit
1098 1264 1215 1307 ‘iam',
1246 1264 1344 1310 quod
1373 1275 1486 1311 saepe
1515 1275 1597 1301 cum
1626 1265 1694 1301 illa
1722 1264 1914 1312 particula

446 1330 485 1366 in
514 1330 705 1367 codicibus
735 1333 793 1366 est
822 1328 1152 1377 commutatum1)‚
1196 1329 1261 1366 sed
1303 1339 1349 1366 ne
1384 1330 1477 1367 haec
1505 1330 1654 1375 quidem
1683 1340 1756 1366 vox
1786 1332 1914 1376 aptam

447 1395 606 1441 praebet
634 1394 872 1431 sententiam.
911 1391 1074 1430 Servata
1103 1396 1228 1430 autem
1254 1394 1445 1441 particula
1465 1394 1572 1430 ‘nam’
1593 1393 1916 1431 constructionem

446 1459 627 1496 habemus
643 1459 743 1505 apud
760 1459 968 1505 scriptores
984 1458 1145 1495 Latinos
1165 1461 1243 1494 tam
1263 1469 1401 1502 raram,
1423 1462 1466 1495 ut
1481 1458 1581 1505 apud
1596 1458 1775 1496 Plautum
1795 1459 1915 1495 solum

447 1523 686 1572 occurratz2)
724 1523 922 1560 celeritate
951 1523 1141 1569 cogitandi
1175 1523 1362 1560 adductus
1397 1523 1561 1570 scriptor
1594 1523 1633 1560 id
1667 1524 1913 1569 enuntiatum,

449 1589 549 1636 quod
570 1599 721 1626 causam
742 1588 866 1632 affert,
898 1592 985 1625 ante
1005 1588 1043 1625 id
1071 1588 1191 1635 ponit,
1221 1589 1326 1625 cuius
1356 1599 1470 1625 causa
1498 1589 1668 1626 affertur.
1706 1588 1763 1626 Eo
1793 1588 1916 1634 magis

451 1655 594 1691 usitata
624 1658 681 1689 est
709 1653 803 1690 haec
831 1653 1064 1690 constructio
1095 1653 1194 1700 apud
1215 1652 1388 1690 Graecos
1416 1653 1665 1702 scriptores3)
1696 1664 1769 1690 non
1799 1653 1917 1690 solum

451 1718 492 1755 in
534 1718 705 1755 versibus
748 1717 814 1754 sed
860 1718 974 1754 etiam
1021 1718 1060 1754 in
1101 1718 1270 1764 pedestri
1298 1728 1486 1755 sermone:
1534 1718 1684 1765 saepius
1730 1719 1917 1766 posterius

454 1782 703 1827 enuntiatum,
734 1782 831 1828 quod
859 1782 1049 1829 particula
1077 1782 1142 1832 γάρ
1173 1782 1401 1828 declaratur,
1432 1782 1553 1820 altera
1573 1794 1663 1820 voce
1683 1783 1916 1822 annectitur:

452 1848 508 1884 sic
536 1847 745 1885 invenimus
774 1847 874 1894 apud
892 1847 1100 1884 Homerum
1128 1848 1193 1896 τῷ,
1223 1847 1322 1894 apud
1342 1847 1581 1885 Herodotum
1601 1847 1651 1884 ὧν
1672 1848 1739 1896 (cf.
1761 1848 1829 1894 VI,
1853 1849 1917 1898 11)

454 1913 513 1949 vel
542 1914 714 1961 τοιγαρῶν
745 1911 833 1959 (IV,
858 1912 961 1960 149),
992 1912 1093 1958 apud
1120 1911 1276 1949 Atticos
1304 1910 1365 1948 οὖν
1386 1912 1447 1959 (cf.
1476 1911 1570 1950 Xen.
1591 1912 1718 1951 Anab.
1740 1912 1785 1958 V,
1811 1916 1842 1957 1,
1864 1913 1916 1961 8).

453 1975 526 2012 His
570 1976 765 2022 particulis
810 1976 910 2023 apud
953 1975 1135 2013 Granium
1181 1977 1463 2014 accuratissime
1505 1979 1711 2025 respondet
1753 1978 1916 2025 ‘itaque'.

453 2040 557 2085 Quae
600 2040 828 2077 constructio
873 2052 945 2077 non
987 2041 1152 2087 intelligi
1192 2045 1317 2088 potest
1358 2042 1430 2078 nisi
1464 2041 1705 2079 Licinianum
1749 2055 1829 2081 eam
1873 2055 1920 2081 ex

459 2116 600 2151 graeco
629 2105 753 2150 aliquo
782 2105 888 2142 fonte
917 2106 963 2142 ad
982 2107 1136 2143 verbum
1163 2107 1203 2143 in
1231 2107 1389 2144 latinum
1416 2107 1649 2145 convertisse
1669 2119 1876 2147 censemus
1888 2108 1918 2156 4)

550 2228 577 2271 ¹)
604 2227 721 2266 Hand,
749 2227 852 2262 Turs.
878 2228 932 2263 ΙΙΙ
957 2239 991 2273 p.
1022 2231 1098 2264 157.

551 2287 578 2330 2)
603 2285 755 2321 Kiihncr
780 2286 992 2330 „AusfiihrL
1021 2286 1247 2322 Grammatik
1272 2287 1338 2323 der
1362 2287 1425 2322 lat.
1452 2287 1637 2333 Sprachc“
1663 2289 1699 2324 ll
1726 2300 1760 2334 p.
1787 2293 1866 2326 717.

554 2345 584 2389 ³)
611 2345 658 2380 id.
685 2344 810 2390 „Aust
838 2344 900 2381 Gr.
927 2345 960 2380 d.
986 2345 1120 2390 griech.
1148 2345 1251 2391 Spr.“
1277 2347 1324 2381 Π2
1349 2358 1383 2392 p.
1412 2349 1478 2383 853
1504 2358 1559 2393 sq.

553 2405 579 2448 4)
605 2403 658 2439 Ea
683 2414 777 2449 quae
803 2405 1007 2449 sequuntur
1033 2404 1221 2439 enuntiata
1237 2405 1333 2440 male
1351 2406 1447 2440 inter
1465 2416 1504 2441 se
1521 2407 1810 2452 coniunguntur3
1836 2419 1922 2443 nam

455 2462 567 2497 verba
579 2463 629 2497 ‘et
644 2472 712 2497 nec
724 2462 815 2507 ipsis
834 2463 1042 2508 petentibus
1062 2463 1140 2498 etc.'
1159 2462 1352 2499 referenda
1370 2466 1456 2499 sunt
1481 2466 1526 2500 ad
1545 2465 1649 2500 ‘nihil
1666 2465 1857 2511 indignum
1877 2487 1918 2493 -

456 2523 521 2557 aut
545 2521 634 2556 fecit
659 2523 722 2556 aut
746 2521 848 2556 dixit'
876 2523 912 2557 et
936 2523 1144 2557 necessario
1162 2524 1264 2558 ante
1281 2523 1419 2569 ‘itaque
1435 2524 1650 2560 interfectus
1668 2526 1735 2560 est'
1751 2526 1922 2571 ponenda

457 2582 572 2617 erant.
620 2579 751 2626 Itaque
777 2580 856 2615 edd.
883 2580 999 2616 Bonn.
1038 2592 1082 2616 ex
1119 2581 1187 2616 hoc
1218 2581 1298 2617 loco
1328 2581 1503 2617 indicium
1529 2584 1705 2628 epitomes
1731 2587 1920 2630 repetunt:

457 2640 683 2684 „memorata
708 2638 835 2674 Scauri
871 2641 988 2675 morte
1024 2650 1097 2674 non
1123 2639 1299 2674 sustinuit
1325 2640 1388 2685 qui
1412 2640 1478 2675 has
1504 2641 1674 2677 historias
1701 2644 1922 2689 excerpebat

461 2698 628 2733 omittere
654 2697 723 2732 hoc
746 2708 920 2733 romanae
945 2699 1091 2734 virtutis
1117 2699 1303 2744 specimen
1328 2698 1543 2745 addiditque
1572 2700 1672 2736 illius
1697 2712 1786 2737 suae
1811 2712 1921 2748 quam

457 2756 625 2792 novimus
674 2756 876 2802 particulae
924 2757 1016 2802 ope“
1060 2758 1108 2803 (p.
1149 2756 1268 2792 XVIII
1310 2757 1428 2802 med).
1494 2757 1611 2801 Quam
1652 2760 1921 2797 conclusionem
