2066 3448
1042 388 1330 429 „32—

557 515 737 561 Apparet
766 515 884 562 igitur
913 525 958 552 ex
988 515 1112 551 verbis
1134 513 1342 551 Granianis
1362 514 1565 553 Servilium
1586 516 1749 563 priorem
1780 516 1924 555 cladem

451 579 642 626 accepisse
670 579 844 624 idemque
872 582 1068 616 testantur
1096 578 1151 617 hi:

560 647 592 682 1.
649 643 757 681 Sall.
799 643 893 690 Jug.
939 644 1013 680 114
1049 643 1138 680 ‘Per
1166 643 1266 681 idem
1302 647 1450 691 tempus
1485 645 1687 683 advorsum
1718 647 1848 685 Gallos
1877 649 1924 685 ab

453 710 608 747 ducibus
637 709 778 746 nostris
806 708 851 756 Q.
882 707 1075 754 Caepione
1105 711 1144 745 et
1171 708 1241 747 Cn.
1270 709 1415 746 Manlio
1441 710 1540 747 male
1569 713 1805 758 pugnatum'.

555 775 589 811 2.
648 775 751 811 Tae.
775 773 905 811 Germ.
928 773 977 810 37
1000 772 1068 810 ‘At
1089 772 1273 811 Germani
1293 772 1469 811 Carbone
1498 778 1537 811 et
1562 774 1693 813 Cassio
1724 780 1762 814 et
1781 776 1923 815 Scauro

450 839 613 877 Aurelio
643 844 682 876 et
710 838 874 876 Servilio
906 838 1094 885 Caepione
1124 837 1195 876 Cn.
1225 849 1372 885 quoque
1401 839 1545 877 Manlio
1581 840 1675 878 fusis
1711 842 1774 880 vel
1803 844 1925 890 captis

451 906 615 952 quinque
644 905 756 941 simul
776 904 995 941 consulares
1015 904 1205 942 exercitus
1232 904 1372 952 populo
1392 904 1565 942 Romano
1586 928 1636 932 —
1657 907 1923 946 abstulerunt'.

556 972 590 1007 3.
647 969 769 1007 Vell.
812 968 868 1014 ΙΙ,
903 969 961 1016 12,
999 970 1021 1005 2
1069 969 1217 1007 ‘Effusa
1247 970 1502 1007 —immanis
1547 970 1606 1008 vis
1649 971 1922 1010 Germanarum

449 1035 634 1081 gentium,
665 1034 800 1081 quibus
827 1046 963 1072 nomen
984 1033 1150 1072 Cimbris
1178 1046 1223 1072 ac
1253 1033 1435 1072 Teutonis
1464 1038 1559 1079 erat,
1590 1046 1673 1072 cum
1694 1035 1923 1084 Caepionem

448 1101 706 1147 Manliumque
737 1100 909 1137 consules
939 1104 977 1136 et
1006 1107 1095 1137 ante
1125 1099 1338 1137 Carbonem
1367 1099 1612 1147 Silanumque
1649 1100 1836 1139 fudissent
1864 1102 1922 1139 fu-

448 1170 676 1213 gassentque
705 1165 743 1202 in
773 1164 914 1202 Galliis
943 1168 982 1202 et
1011 1165 1203 1202 exuissent
1232 1165 1427 1202 exercitu'.
1460 1188 1506 1192 —
1537 1166 1670 1212 Neque
1707 1167 1806 1204 enim
1835 1177 1923 1204 casu

445 1232 590 1269 factum
619 1231 783 1274 videtur,
814 1234 857 1268 ut
886 1241 1015 1267 omnes
1035 1231 1074 1267 hi
1103 1231 1309 1278 scriptores
1329 1229 1532 1269 Servilium
1563 1231 1771 1278 legatum
1801 1232 1922 1280 primo

443 1298 528 1335 vloco
558 1300 862 1334 commemorent.

552 1362 587 1400 4.
644 1361 772 1398 Etiam
802 1361 967 1399 Dionis
996 1363 1131 1399 verba:
1168 1360 1242 1399 ἀλλ’
1274 1362 1323 1403 ὡς
1362 1361 1421 1400 καὶ
1450 1361 1663 1411 πρότερος
1692 1361 1824 1399 αὐτοῦ
1852 1364 1924 1404 τοῖς

448 1426 624 1477 Κίμβροκ
667 1425 850 1475 συμμίξων
894 1426 956 1476 τήν
985 1441 1023 1463 τε
1054 1426 1157 1469 δόξαν
1185 1428 1248 1464 τοῦ
1277 1427 1440 1473 πολέμου
1468 1430 1584 1465 πᾶσαν
1615 1426 1850 1476 ἀποισόμενος
1880 1427 1923 1464 ἐν

445 1492 562 1541 μέσῳ
593 1491 749 1541 ἱδρύθη
780 1491 940 1528 eundem
970 1492 1139 1529 ordinem
1171 1493 1334 1539 probare
1362 1493 1551 1531 videntur.

553 1557 610 1594 At
630 1557 765 1594 Livius
795 1560 833 1592 et
853 1556 918 1603 qui
947 1568 1033 1594 eum
1062 1561 1273 1604 sequuntur
1292 1558 1502 1605 scriptores
1522 1558 1646 1595 Mallii
1666 1558 1812 1596 cladem
1834 1562 1923 1596 ante

443 1621 646 1668 Caepionis
673 1625 836 1668 ponunt:

552 1688 584 1724 1.
642 1687 740 1725 Liv.
771 1699 850 1734 per.
884 1688 932 1724 67
963 1688 1023 1724 ‘ab
1067 1688 1184 1725 isdem
1228 1688 1400 1725 hostibus
1429 1687 1496 1725 Cn.
1527 1688 1696 1726 Manlius
1724 1689 1856 1726 consul
1884 1692 1923 1725 et

445 1753 491 1800 Q.
522 1752 707 1790 Servilius
749 1751 892 1799 Caepio
935 1764 1082 1800 procos,
1127 1754 1221 1791 victi
1262 1754 1407 1800 proelio
1452 1755 1590 1791 castris
1633 1765 1780 1800 quoque
1823 1754 1923 1791 binis

443 1818 549 1854 exuti
577 1818 689 1855 sunt.

553 1885 588 1921 2.
646 1882 772 1920 Oros.
804 1883 849 1926 V,
874 1883 934 1927 16,
960 1886 973 1920 1
1010 1882 1064 1920 ‘C.
1097 1883 1261 1920 Manlius
1291 1884 1422 1921 consul
1451 1886 1489 1921 et
1518 1884 1563 1932 Q.
1585 1882 1727 1931 Caepio
1756 1894 1919 1931 procon-

444 1948 525 1985 sule
555 1948 737 1985 adversus
767 1948 940 1985 Cimbros
970 1952 1008 1986 et
1037 1949 1230 1986 Teutonas
1260 1971 1309 1976 —
1339 1949 1444 1986 missi
1474 1971 1521 1976 —
1551 1949 1645 1987 Victi
1675 1949 1785 1986 sunt'.

551 2016 583 2051 3.
641 2014 839 2061 Eutrop.
861 2015 904 2059 V,
930 2015 948 2050 1
981 2014 1094 2050 ‘Dum
1115 2015 1255 2051 bellum
1275 2014 1314 2050 in
1330 2014 1513 2052 Numidia
1533 2018 1667 2052 contra
1681 2014 1921 2060 Jugurtham

445 2079 600 2126 geritur,
644 2080 804 2116 Romani
848 2090 948 2116 cons,
980 2079 1031 2117 M.
1062 2079 1241 2116 Manilius
1285 2083 1323 2116 et
1359 2079 1400 2125 Q.
1432 2078 1574 2126 Caepio
1619 2090 1642 2116 a
1677 2078 1841 2116 Cimbris
1884 2081 1921 2116 et

443 2144 681 2181 Teutonibus
711 2166 760 2172 —
789 2144 882 2182 vieti
911 2149 1001 2181 sunt
1028 2144 1136 2181 iuxta
1163 2143 1303 2181 flumen
1331 2144 1582 2182 Rhodanum'.

550 2209 708 2247 Dixeris
737 2209 902 2246 forsitan
921 2210 994 2247 hac
1021 2221 1064 2246 re
1084 2210 1178 2246 nihil
1197 2210 1353 2256 probari
1372 2209 1445 2247 nisi
1465 2210 1759 2256 epitomatorum
1787 2209 1919 2255 negle-

442 2275 625 2321 gentiam,
670 2286 766 2321 quae
809 2275 923 2312 etiam
969 2275 1056 2312 inde
1101 2278 1364 2322 cognoscatur,
1409 2275 1507 2321 quod
1540 2274 1753 2323 Eutropius
1795 2275 1919 2312 minus

443 2346 623 2377 accurate
664 2339 896 2387 Caepionem
943 2341 1048 2378 dicat
1094 2340 1294 2378 consulem.
1354 2340 1507 2378 Dixeris
1550 2351 1699 2387 quoque
1745 2340 1918 2377 consulto

448 2440 496 2475 ab
523 2439 621 2483 NEQ
648 2439 874 2484 (ADDUCI)‚
914 2439 1012 2485 quod
1037 2439 1076 2474 in
1102 2439 1302 2485 archetypo
1328 2441 1414 2485 post
1438 2439 1576 2475 ‘voluit'
1603 2441 1692 2484 erat,
1725 2439 1918 2475 aberrasse

447 2499 592 2534 videtur
617 2498 664 2534 ad
684 2498 780 2534 NEC
801 2497 1052 2544 (LEGATIS)‚
1079 2498 1176 2545 quod
1202 2498 1301 2534 haud
1326 2499 1481 2534 multum
1500 2499 1639 2544 aberat,
1666 2499 1811 2543 deinde,
1836 2509 1918 2534 cum

444 2557 624 2593 defectum
639 2558 972 2603 animadvertisset,
992 2559 1245 2605 verba‘neque
1260 2578 1299 2584 —
1318 2559 1545 2603 iungeret'in
1558 2559 1723 2603 margine
1737 2558 1918 2604 posuisse,

439 2617 539 2653 unde
563 2619 693 2663 postea
712 2629 755 2653 ea
772 2617 865 2653 falso
883 2617 962 2653 loco
980 2618 1019 2652 in
1035 2620 1177 2653 textum
1195 2618 1340 2653 venisse
1364 2617 1600 2653 iudicandum
1619 2620 1685 2656 est.
1703 2638 1742 2643 -
1758 2617 1918 2653 Bursian

440 2676 506 2712 illa
532 2677 644 2712 verba
669 2677 748 2712 loco
775 2677 911 2713 tradito
936 2677 990 2712 ita
1013 2677 1290 2723 interpretatur,
1316 2679 1358 2712 ut
1382 2677 1427 2712 de
1454 2678 1618 2712 exercitu
1643 2676 1838 2722 Caepionis
1866 2687 1917 2711 ex

441 2737 608 2771 castris
636 2736 765 2781 pulso
793 2747 836 2772 ea
862 2736 960 2772 dicta
986 2747 1068 2772 esse
1093 2739 1218 2783 putet,
1255 2736 1294 2771 id
1332 2736 1430 2782 quod
1455 2737 1544 2771 mihi
1571 2748 1646 2772 non
1671 2737 1762 2772 satis
1789 2735 1917 2771 verisi-

439 2794 527 2829 mile
552 2796 618 2830 est.
