2066 3448
800 387 1088 429 -35-

221 514 261 552 id
275 513 517 552 cremandum
533 513 659 560 potius
675 515 878 552 censuisse.
912 513 999 552 Hoc
1013 514 1096 552 fieri
1112 526 1186 552 non
1201 518 1340 563 potest.
1357 516 1447 562 quin
1462 527 1695 564 magnopere

221 590 290 616 nos
319 578 504 622 offendat,
548 589 632 616 cum
674 579 733 616 vel
775 580 1006 617 contrarium
1048 583 1213 617 testetur
1241 579 1319 618 Cio.
1358 581 1404 619 de
1438 581 1512 628 leg.
1543 581 1598 627 ΙΙ,
1630 582 1694 626 22,

224 644 286 682 56.
324 642 427 691 57,1)
471 654 631 690 quocum
673 645 861 681 consentit
895 644 988 682 Plin.
1020 644 1106 682 hist.
1137 653 1216 683 nat.
1259 645 1350 691 VH,
1381 646 1444 690 54,
1477 647 1562 685 187.
1619 646 1694 685 Sed

219 708 318 745 hunc
345 707 550 745 verisimile
579 713 636 745 est
664 720 710 745 ex
737 709 804 746 illo
839 709 1024 752 hausisse,
1054 720 1137 746 cum
1167 709 1299 747 Cicero
1342 711 1382 748 in
1415 710 1505 748 libri
1540 712 1693 760 septimi

219 772 447 819 scriptorum
491 773 667 820 catalogo
710 774 927 811 nominetur
968 777 1007 811 et
1048 773 1093 823 ἐξ
1133 775 1198 820 18,
1239 775 1306 818 85,
1348 776 1421 813 135
1468 776 1691 814 nominatim

219 835 414 880 afferatur,
433 838 489 874 ita
508 841 552 874 ut
570 837 770 876 Liciniano
790 839 912 875 solum
933 837 1127 876 Ciceronis
1153 839 1411 876 testimonium
1433 840 1567 878 obstet.
1611 840 1689 879 Suo

217 906 344 939 antem
364 902 448 939 iure
462 902 631 939 arbitror
646 902 918 940 Mommsenum
936 903 997 951 (R.
1021 903 1064 941 G.
1084 903 1129 940 II
1147 915 1182 950 p.
1206 904 1299 952 376)
1318 904 1560 942 Licinianum
1580 917 1691 953 prae-

217 966 350 1004 tulisse
369 966 556 1004 Ciceroni.
596 967 696 1005 Nam
716 971 755 1005 et
774 968 874 1015 apud
895 967 1115 1005 Ciceronem
1146 973 1184 1005 et
1210 969 1311 1016 apud
1331 969 1493 1006 Plinium
1523 970 1692 1007 traditur

217 1030 363 1069 Sullam
393 1042 531 1079 corpus
561 1043 669 1069 suu-m
699 1033 859 1069 cremari
887 1037 1092 1080 propterea
1120 1033 1291 1077 iussisse,
1326 1044 1372 1070 ne
1399 1039 1442 1070 ut
1471 1034 1605 1080 Marii,
1634 1035 1692 1073 ita

219 1107 288 1133 sua
317 1108 401 1134 ossa
423 1096 536 1133 effodi
555 1102 593 1133 et
623 1097 801 1144 dissipari
820 1102 993 1144 possent;
1023 1102 1061 1134 et
1089 1102 1130 1134 ut
1150 1097 1232 1135 fieri
1261 1099 1370 1142 solet,
1400 1098 1534 1136 Cicero
1565 1101 1691 1146 suspi-

218 1166 329 1198 catur
370 1166 519 1199 tantum
561 1163 657 1199 hane
700 1173 851 1200 causam
885 1162 1021 1204 fuisse,
1065 1162 1212 1200 Plinius
1256 1174 1326 1210 pro
1373 1174 1415 1200 re
1458 1167 1564 1201 certa
1606 1175 1690 1202 eam

217 1226 342 1264 affert.
411 1226 530 1264 Haud
571 1227 836 1265 observatione
864 1227 1061 1274 indignum
1092 1228 1183 1264 mihi
1211 1228 1364 1265 videtur
1392 1228 1468 1265 iam
1488 1232 1690 1276 antequam

216 1291 405 1329 Liciniani
425 1291 642 1338 fragmenta
661 1292 700 1330 in
718 1293 839 1329 lucem
869 1293 1080 1338 venissent,
1121 1293 1286 1340 Zoegam
1327 1293 1428 1341 apud
1457 1293 1689 1332 Creuzerum

217 1356 283 1406 (ad
298 1355 376 1394 Cic.
399 1356 444 1393 de
462 1356 533 1404 leg.
554 1357 579 1393 1.
602 1356 652 1405 c.)
669 1357 872 1402 dubitasse,
892 1368 981 1394 num
996 1369 1087 1394 vera
1106 1361 1205 1395 esset
1219 1358 1286 1395 illa
1301 1369 1424 1403 causa,
1446 1369 1542 1405 quae
1555 1370 1691 1407 reapse

216 1432 351 1468 parum
371 1421 522 1459 videtur
542 1432 623 1459 esse
654 1422 858 1460 credibilis,
898 1421 1005 1459 Sulla
1032 1423 1236 1459 enim.non
1265 1423 1298 1460 is
1327 1427 1422 1468 erat,
1451 1424 1516 1470 qui
1544 1428 1689 1461 statum

217 1496 240 1524 3
268 1497 308 1523 80
350 1492 517 1524 creatum
558 1491 637 1524 tam
681 1487 842 1524 debilem
888 1491 1042 1534 putaret
1084 1498 1128 1525 ac
1172 1488 1285 1525 rebus
1313 1488 1580 1535 praesentibus
1608 1493 1687 1526 tam

215 1551 371 1599 paulum
413 1551 635 1596 confideret,
690 1556 733 1589 ut
786 1552 978 1590 divinaret
1020 1553 1099 1589 suis
1144 1554 1289 1590 ossibus
1336 1554 1497 1590 similem
1545 1558 1687 1593 sortem

214 1617 412 1656 imminere
440 1621 554 1664 atque
582 1617 711 1655 Marii.
766 1617 900 1664 Neque
930 1618 1205 1664 neglegendum
1236 1621 1310 1662 est,
1347 1618 1448 1665 quod
1475 1617 1685 1657 Plutarcho

214 1685 254 1719 et
271 1681 464 1729 Appiano,
494 1681 558 1728 qui
583 1682 628 1718 de
647 1681 780 1719 funere
799 1686 975 1719 accurate
995 1682 1161 1727 tradunt,
1191 1683 1366 1729 ignotum
1395 1683 1513 1721 fuisse
1533 1683 1685 1721 videtur

215 1745 359 1784 Sullam
388 1747 511 1794 ipsum
541 1757 678 1794 corpus
706 1757 813 1783 suum
842 1747 996 1783 iussisse
1026 1747 1206 1784 comburi.
1262 1747 1399 1793 Itaque
1435 1749 1576 1785 maiore
1611 1748 1685 1786 fide

217 1811 333 1858 digna
352 1814 410 1849 est
427 1811 622 1849 Liciniani
642 1812 825 1849 memoria
845 1810 988 1848 Sullam
1007 1812 1136 1857 gentis
1152 1810 1351 1849 Corneliae
1371 1822 1478 1849 usum
1498 1823 1684 1857 servasse,

214 1876 280 1913 sed
314 1876 359 1914 L.
389 1876 573 1914 Marcium
610 1876 825 1924 Philippum
837 1875 865 1925 2)
914 1876 953 1913 in
995 1880 1127 1913 senatu
1171 1877 1391 1914 cremationi
1434 1876 1685 1924 suffragatum

218 1952 300 1979 0880
343 1944 459 1988 atque
502 1952 547 1979 ea
590 1942 634 1978 de
677 1952 808 1985 causa,
851 1952 961 1988 quam
998 1941 1130 1978 Cicero
1173 1941 1391 1979 afferentem
1435 1941 1531 1979 facit
1565 1943 1687 1989 ipsum

211 2005 408 2056 Sunam.³)
438 2005 616 2044 Ceterum
645 2005 865 2044 Ciceronem
894 2006 999 2044 illam
1028 2017 1180 2044 causam
1210 2005 1323 2044 fando
1354 2009 1502 2044 tantum
1533 2008 1683 2045 audisse

211 2076 399 2120 putamus.

304 2194 328 2240 ²)
356 2194 418 2230 ‘At
442 2193 533 2229 mihi
558 2192 706 2239 quidem
732 2193 1029 2239 antiquissimum
1056 2193 1269 2238 sepulturae
1295 2203 1412 2238 genus
1436 2193 1529 2229 illud
1567 2193 1681 2230 fuisse

212 2253 369 2298 videtur,
396 2263 468 2299 quo
494 2252 593 2298 apud
616 2252 898 2298 Xenophontem
925 2251 1041 2297 Cyrus
1068 2252 1201 2287 utitur:
1239 2251 1406 2287 redditur
1439 2253 1537 2288 enim
1561 2255 1683 2289 terrae

208 2323 343 2358 corpus
370 2332 413 2337 —
441 2313 693 2358 gentemque)
724 2310 933 2347 Corneliam
966 2321 1084 2357 usque
1109 2310 1156 2346 ad
1181 2311 1396 2346 memoriam
1420 2313 1587 2347 nostram
1612 2311 1683 2348 hac

209 2371 400 2417 sepultura
425 2371 560 2407 scimus
587 2381 669 2406 esse
694 2381 810 2405 usam.
862 2370 900 2405 C.
927 2370 1019 2406 Mari
1051 2370 1140 2405 sitas
1166 2369 1341 2416 reliquias
1375 2370 1475 2415 apud
1500 2371 1682 2406 Anienem

207 2430 381 2476 dissipari
418 2430 528 2466 iussit
552 2429 656 2466 Sulla
692 2429 818 2465 victor.
846 2450 889 2454 —
917 2429 1022 2474 Quod
1060 2429 1158 2464 haud
1196 2429 1271 2464 scio
1311 2440 1359 2464 an
1382 2431 1516 2464 timens
1542 2440 1589 2464 ne
1615 2439 1681 2464 suo

208 2490 353 2535 corpori
393 2489 514 2535 possit
555 2489 741 2535 accidere,
778 2489 920 2534 primus
960 2499 979 2524 e
1020 2487 1185 2533 patriciis
1224 2487 1406 2523 Corneliis
1447 2488 1525 2533 igni
1565 2487 1683 2523 voluit

207 2549 386 2585 cremari'.

301 2608 328 2652 ²)
353 2606 410 2643 De
447 2618 518 2654 quo
556 2606 599 2642 cf.
638 2606 788 2651 De-Vit,
828 2606 955 2645 Onom.
995 2605 1043 2640 IV
1071 2617 1106 2651 p.
1141 2607 1220 2648 334,
1246 2605 1308 2640 ubi
1333 2604 1433 2641 locus
1473 2604 1680 2641 Granianus

206 2665 470 2702 adscribendus
496 2665 575 2702 fuit.

300 2725 328 2771 ³)
355 2724 462 2768 Quod
497 2726 594 2771 apud
632 2724 710 2761 Lic.
746 2725 898 2770 legitur:
942 2724 1087 2769 ς(11113111)
1127 2734 1259 2769 corpus
1295 2723 1467 2759 milites
1505 2723 1680 2760 inimici

206 2785 412 2820 extractum
436 2785 659 2820 monimento
686 2783 936 2828 disiecerant'‚
975 2783 1071 2828 apud
1103 2781 1318 2818 Ciceronem
1343 2781 1395 2818 ί(1.
1421 2782 1527 2820 Marii
1553 2801 1596 2810 -
1621 2793 1679 2818 re-
