<?xml version="1.0" encoding="UTF-8"?>
<!DOCTYPE html PUBLIC "-//W3C//DTD XHTML 1.0 Transitional//EN"
    "http://www.w3.org/TR/xhtml1/DTD/xhtml1-transitional.dtd">
<html xmlns="http://www.w3.org/1999/xhtml" xml:lang="en" lang="en">
 <head>
  <title>
</title>
<meta http-equiv="Content-Type" content="text/html;charset=utf-8" />
  <meta name='ocr-system' content='tesseract 3.04.00' />
  <meta name='ocr-capabilities' content='ocr_page ocr_carea ocr_par ocr_line ocrx_word'/>
</head>
<body>
  <div class='ocr_page' id='page_1' title='image "./degraniilicinian00diecuoft_0101.png"; bbox 0 0 2066 3448; ppageno 0'>
   <div class='ocr_carea' id='block_1_1' title="bbox 818 423 1104 464">
    <p class='ocr_par' dir='ltr' id='par_1_1' title="bbox 818 423 1104 464">
     <span class='ocr_line' id='line_1_1' title="bbox 818 423 1104 464; baseline 0.003 -11"><span class='ocrx_word' id='word_1_1' title='bbox 818 423 1104 464; x_wconf 71' lang='lat'>-91-</span> 
     </span>
    </p>
   </div>
   <div class='ocr_carea' id='block_1_2' title="bbox 792 691 1147 829">
    <p class='ocr_par' dir='ltr' id='par_1_2' title="bbox 792 691 1147 829">
     <span class='ocr_line' id='line_1_2' title="bbox 792 691 1147 734; baseline 0.006 -2"><span class='ocrx_word' id='word_1_2' title='bbox 792 691 1052 734; x_wconf 79' lang='lat' dir='ltr'><strong>Excursus</strong></span> <span class='ocrx_word' id='word_1_3' title='bbox 1083 692 1147 734; x_wconf 90' lang='lat' dir='ltr'><strong>II.</strong></span> 
     </span>
     <span class='ocr_line' id='line_1_3' title="bbox 856 784 1064 829; baseline 0.005 -10"><span class='ocrx_word' id='word_1_4' title='bbox 856 784 919 827; x_wconf 81' lang='lat' dir='ltr'><strong>(ad</strong></span> <span class='ocrx_word' id='word_1_5' title='bbox 946 796 979 829; x_wconf 91' lang='lat' dir='ltr'><strong>p.</strong></span> <span class='ocrx_word' id='word_1_6' title='bbox 1007 787 1064 827; x_wconf 86' lang='grc'><strong>66)</strong></span> 
     </span>
    </p>
   </div>
   <div class='ocr_carea' id='block_1_3' title="bbox 232 876 1704 2881">
    <p class='ocr_par' dir='ltr' id='par_1_3' title="bbox 232 876 1702 1449">
     <span class='ocr_line' id='line_1_4' title="bbox 340 876 1699 927; baseline 0.004 -12"><span class='ocrx_word' id='word_1_7' title='bbox 340 876 579 916; x_wconf 83' lang='lat' dir='ltr'><strong>Gravissima</strong></span> <span class='ocrx_word' id='word_1_8' title='bbox 608 889 700 916; x_wconf 85' lang='lat' dir='ltr'><strong>crux</strong></span> <span class='ocrx_word' id='word_1_9' title='bbox 727 879 1005 927; x_wconf 85' lang='lat' dir='ltr'><strong>interpretandi</strong></span> <span class='ocrx_word' id='word_1_10' title='bbox 1035 891 1115 918; x_wconf 90' lang='lat' dir='ltr'><strong>esse</strong></span> <span class='ocrx_word' id='word_1_11' title='bbox 1145 881 1234 918; x_wconf 87' lang='lat' dir='ltr'><strong>mihi</strong></span> <span class='ocrx_word' id='word_1_12' title='bbox 1263 881 1443 919; x_wconf 90' lang='lat' dir='ltr'><strong>videntur</strong></span> <span class='ocrx_word' id='word_1_13' title='bbox 1471 883 1590 920; x_wconf 90' lang='lat' dir='ltr'><strong>verba</strong></span> <span class='ocrx_word' id='word_1_14' title='bbox 1618 882 1699 920; x_wconf 85' lang='lat' dir='ltr'><strong>Jul.</strong></span> 
     </span>
     <span class='ocr_line' id='line_1_5' title="bbox 233 942 1701 991; baseline 0.003 -10"><span class='ocrx_word' id='word_1_15' title='bbox 233 942 321 981; x_wconf 88' lang='lat' dir='ltr'><strong>Obs.</strong></span> <span class='ocrx_word' id='word_1_16' title='bbox 367 943 433 981; x_wconf 91' lang='lat'><strong>56:</strong></span> <span class='ocrx_word' id='word_1_17' title='bbox 478 943 570 990; x_wconf 87' lang='lat' dir='ltr'><strong>‘ipse</strong></span> <span class='ocrx_word' id='word_1_18' title='bbox 612 943 815 991; x_wconf 87' lang='lat' dir='ltr'><strong>Pompeius</strong></span> <span class='ocrx_word' id='word_1_19' title='bbox 866 944 1019 982; x_wconf 86' lang='lat' dir='ltr'><strong>afflatus</strong></span> <span class='ocrx_word' id='word_1_20' title='bbox 1068 946 1193 983; x_wconf 90' lang='lat' dir='ltr'><strong>sidere</strong></span> <span class='ocrx_word' id='word_1_21' title='bbox 1248 947 1416 984; x_wconf 79' lang='lat' dir='ltr'><strong>interiit’.</strong></span> <span class='ocrx_word' id='word_1_22' title='bbox 1494 946 1701 986; x_wconf 84' lang='lat' dir='ltr'>Mommsen</span> 
     </span>
     <span class='ocr_line' id='line_1_6' title="bbox 239 1007 1702 1057; baseline 0.005 -13"><span class='ocrx_word' id='word_1_23' title='bbox 239 1007 301 1056; x_wconf 85' lang='lat' dir='ltr'><strong>(R.</strong></span> <span class='ocrx_word' id='word_1_24' title='bbox 334 1007 378 1046; x_wconf 89' lang='lat' dir='ltr'><strong>G.</strong></span> <span class='ocrx_word' id='word_1_25' title='bbox 398 1007 443 1045; x_wconf 90' lang='lat' dir='ltr'><strong>II</strong></span> <span class='ocrx_word' id='word_1_26' title='bbox 470 1019 506 1056; x_wconf 90' lang='lat' dir='ltr'><strong>p.</strong></span> <span class='ocrx_word' id='word_1_27' title='bbox 537 1008 614 1046; x_wconf 84' lang='lat'><strong>310</strong></span> <span class='ocrx_word' id='word_1_28' title='bbox 643 1008 748 1057; x_wconf 86' lang='lat' dir='ltr'><strong>adn.)</strong></span> <span class='ocrx_word' id='word_1_29' title='bbox 776 1013 904 1046; x_wconf 85' lang='lat' dir='ltr'><strong>censet</strong></span> <span class='ocrx_word' id='word_1_30' title='bbox 930 1011 1047 1049; x_wconf 88' lang='lat' dir='ltr'><strong>verba</strong></span> <span class='ocrx_word' id='word_1_31' title='bbox 1077 1011 1292 1048; x_wconf 83' lang='lat' dir='ltr'><strong>‘afflatus</strong></span> <span class='ocrx_word' id='word_1_32' title='bbox 1321 1012 1490 1049; x_wconf 89' lang='lat' dir='ltr'><strong>sidere&#39;</strong></span> <span class='ocrx_word' id='word_1_33' title='bbox 1518 1023 1564 1049; x_wconf 86' lang='lat' dir='ltr'><strong>ex</strong></span> <span class='ocrx_word' id='word_1_34' title='bbox 1591 1012 1702 1051; x_wconf 91' lang='lat' dir='ltr'><strong>Livio</strong></span> 
     </span>
     <span class='ocr_line' id='line_1_7' title="bbox 233 1071 1702 1123; baseline 0.003 -13"><span class='ocrx_word' id='word_1_35' title='bbox 233 1076 386 1121; x_wconf 88' lang='lat' dir='ltr'><strong>sumpta</strong></span> <span class='ocrx_word' id='word_1_36' title='bbox 427 1071 643 1120; x_wconf 87' lang='lat' dir='ltr'><strong>significare</strong></span> <span class='ocrx_word' id='word_1_37' title='bbox 675 1085 773 1121; x_wconf 75' lang='lat' dir='ltr'><strong>„von</strong></span> <span class='ocrx_word' id='word_1_38' title='bbox 802 1074 869 1111; x_wconf 86' lang='lat' dir='ltr'><strong>der</strong></span> <span class='ocrx_word' id='word_1_39' title='bbox 897 1074 989 1112; x_wconf 92' lang='lat' dir='ltr'><strong>Pest</strong></span> <span class='ocrx_word' id='word_1_40' title='bbox 1017 1076 1238 1122; x_wconf 85' lang='lat' dir='ltr'><strong>ergriffen“,</strong></span> <span class='ocrx_word' id='word_1_41' title='bbox 1282 1077 1512 1123; x_wconf 79' lang='lat' dir='ltr'><strong>posteriores</strong></span> <span class='ocrx_word' id='word_1_42' title='bbox 1554 1077 1702 1115; x_wconf 89' lang='lat' dir='ltr'><strong>demum</strong></span> 
     </span>
     <span class='ocr_line' id='line_1_8' title="bbox 233 1138 1700 1188; baseline 0.004 -13"><span class='ocrx_word' id='word_1_43' title='bbox 233 1138 440 1185; x_wconf 83' lang='lat' dir='ltr'><strong>scriptores</strong></span> <span class='ocrx_word' id='word_1_44' title='bbox 481 1138 575 1175; x_wconf 88' lang='lat' dir='ltr'><strong>haec</strong></span> <span class='ocrx_word' id='word_1_45' title='bbox 619 1138 715 1176; x_wconf 88' lang='lat' dir='ltr'><strong>falso</strong></span> <span class='ocrx_word' id='word_1_46' title='bbox 758 1139 1032 1187; x_wconf 83' lang='lat' dir='ltr'><strong>interpretatos</strong></span> <span class='ocrx_word' id='word_1_47' title='bbox 1076 1151 1155 1178; x_wconf 88' lang='lat' dir='ltr'><strong>esse</strong></span> <span class='ocrx_word' id='word_1_48' title='bbox 1188 1152 1295 1188; x_wconf 89' lang='lat' dir='ltr'><strong>„vom</strong></span> <span class='ocrx_word' id='word_1_49' title='bbox 1325 1141 1447 1179; x_wconf 89' lang='lat' dir='ltr'><strong>Blitze</strong></span> <span class='ocrx_word' id='word_1_50' title='bbox 1475 1142 1700 1188; x_wconf 85' lang='lat' dir='ltr'><strong>get1·0ffen“.</strong></span> 
     </span>
     <span class='ocr_line' id='line_1_9' title="bbox 232 1203 1700 1252; baseline 0.003 -12"><span class='ocrx_word' id='word_1_51' title='bbox 232 1204 354 1252; x_wconf 81' lang='lat' dir='ltr'><strong>Quam</strong></span> <span class='ocrx_word' id='word_1_52' title='bbox 383 1203 611 1241; x_wconf 82' lang='lat' dir='ltr'><strong>sententiam</strong></span> <span class='ocrx_word' id='word_1_53' title='bbox 639 1207 682 1240; x_wconf 90' lang='lat' dir='ltr'><strong>ut</strong></span> <span class='ocrx_word' id='word_1_54' title='bbox 715 1203 850 1249; x_wconf 86' lang='lat' dir='ltr'><strong>firmet,</strong></span> <span class='ocrx_word' id='word_1_55' title='bbox 888 1204 1094 1243; x_wconf 81' lang='lat' dir='ltr'><strong>Mommsen</strong></span> <span class='ocrx_word' id='word_1_56' title='bbox 1125 1205 1236 1243; x_wconf 86' lang='lat' dir='ltr'><strong>affert</strong></span> <span class='ocrx_word' id='word_1_57' title='bbox 1262 1206 1419 1244; x_wconf 88' lang='lat' dir='ltr'><strong>Petron.</strong></span> <span class='ocrx_word' id='word_1_58' title='bbox 1449 1212 1519 1244; x_wconf 89' lang='lat' dir='ltr'><strong>sat.</strong></span> <span class='ocrx_word' id='word_1_59' title='bbox 1550 1208 1586 1252; x_wconf 80' lang='lat'><strong>2,</strong></span> <span class='ocrx_word' id='word_1_60' title='bbox 1614 1207 1700 1246; x_wconf 86' lang='lat' dir='ltr'><strong>Liv.</strong></span> 
     </span>
     <span class='ocr_line' id='line_1_10' title="bbox 232 1267 1700 1315; baseline 0.002 -8"><span class='ocrx_word' id='word_1_61' title='bbox 232 1267 351 1313; x_wconf 89' lang='lat' dir='ltr'><strong>VIII,</strong></span> <span class='ocrx_word' id='word_1_62' title='bbox 381 1268 417 1313; x_wconf 89' lang='lat'><strong>9,</strong></span> <span class='ocrx_word' id='word_1_63' title='bbox 450 1269 510 1313; x_wconf 85' lang='lat'><strong>12,</strong></span> <span class='ocrx_word' id='word_1_64' title='bbox 538 1268 639 1306; x_wconf 91' lang='lat' dir='ltr'><strong>Plin.</strong></span> <span class='ocrx_word' id='word_1_65' title='bbox 668 1269 757 1306; x_wconf 87' lang='lat' dir='ltr'><strong>hist.</strong></span> <span class='ocrx_word' id='word_1_66' title='bbox 786 1273 864 1307; x_wconf 87' lang='lat' dir='ltr'><strong>nat.</strong></span> <span class='ocrx_word' id='word_1_67' title='bbox 895 1269 950 1314; x_wconf 89' lang='grc' dir='ltr'><strong>Π,</strong></span> <span class='ocrx_word' id='word_1_68' title='bbox 980 1270 1043 1315; x_wconf 84' lang='grc'><strong>41,</strong></span> <span class='ocrx_word' id='word_1_69' title='bbox 1076 1271 1160 1309; x_wconf 85' lang='grc'>108.</span> <span class='ocrx_word' id='word_1_70' title='bbox 1218 1269 1292 1308; x_wconf 88' lang='lat' dir='ltr'><strong>Sed</strong></span> <span class='ocrx_word' id='word_1_71' title='bbox 1334 1271 1416 1309; x_wconf 88' lang='lat' dir='ltr'><strong>hos</strong></span> <span class='ocrx_word' id='word_1_72' title='bbox 1458 1272 1560 1309; x_wconf 92' lang='lat' dir='ltr'><strong>locos</strong></span> <span class='ocrx_word' id='word_1_73' title='bbox 1595 1272 1700 1310; x_wconf 92' lang='lat' dir='ltr'><strong>illam</strong></span> 
     </span>
     <span class='ocr_line' id='line_1_11' title="bbox 235 1333 1701 1384; baseline 0.001 -12"><span class='ocrx_word' id='word_1_74' title='bbox 235 1333 553 1381; x_wconf 84' lang='lat' dir='ltr'><strong>significationem</strong></span> <span class='ocrx_word' id='word_1_75' title='bbox 581 1334 795 1371; x_wconf 84' lang='lat' dir='ltr'><strong>necessario</strong></span> <span class='ocrx_word' id='word_1_76' title='bbox 825 1335 1084 1372; x_wconf 88' lang='lat' dir='ltr'><strong>demonstrare</strong></span> <span class='ocrx_word' id='word_1_77' title='bbox 1113 1347 1230 1382; x_wconf 89' lang='lat' dir='ltr'><strong>nego,</strong></span> <span class='ocrx_word' id='word_1_78' title='bbox 1274 1336 1312 1373; x_wconf 87' lang='lat' dir='ltr'><strong>id</strong></span> <span class='ocrx_word' id='word_1_79' title='bbox 1340 1337 1441 1383; x_wconf 90' lang='lat' dir='ltr'><strong>quod</strong></span> <span class='ocrx_word' id='word_1_80' title='bbox 1469 1348 1515 1374; x_wconf 88' lang='lat' dir='ltr'><strong>ex</strong></span> <span class='ocrx_word' id='word_1_81' title='bbox 1543 1337 1701 1384; x_wconf 85' lang='lat' dir='ltr'><strong>integris</strong></span> 
     </span>
     <span class='ocr_line' id='line_1_12' title="bbox 237 1399 1602 1449; baseline 0.001 -12"><span class='ocrx_word' id='word_1_82' title='bbox 237 1399 390 1437; x_wconf 89' lang='lat' dir='ltr'><strong>illorum</strong></span> <span class='ocrx_word' id='word_1_83' title='bbox 418 1399 644 1447; x_wconf 83' lang='lat' dir='ltr'><strong>scriptorum</strong></span> <span class='ocrx_word' id='word_1_84' title='bbox 673 1399 799 1437; x_wconf 87' lang='lat' dir='ltr'><strong>verbis</strong></span> <span class='ocrx_word' id='word_1_85' title='bbox 827 1404 865 1436; x_wconf 87' lang='lat' dir='ltr'><strong>te</strong></span> <span class='ocrx_word' id='word_1_86' title='bbox 892 1401 1022 1437; x_wconf 87' lang='lat' dir='ltr'><strong>statim</strong></span> <span class='ocrx_word' id='word_1_87' title='bbox 1051 1401 1333 1438; x_wconf 87' lang='lat' dir='ltr'><strong>intellecturum</strong></span> <span class='ocrx_word' id='word_1_88' title='bbox 1363 1412 1444 1440; x_wconf 89' lang='lat' dir='ltr'><strong>esse</strong></span> <span class='ocrx_word' id='word_1_89' title='bbox 1473 1412 1602 1449; x_wconf 87' lang='lat' dir='ltr'><strong>spero:</strong></span> 
     </span>
    </p>

    <p class='ocr_par' dir='ltr' id='par_1_4' title="bbox 236 1464 1701 1708">
     <span class='ocr_line' id='line_1_13' title="bbox 345 1464 1697 1514; baseline 0.002 -12"><span class='ocrx_word' id='word_1_90' title='bbox 345 1465 378 1502; x_wconf 89' lang='lat'><strong>1.</strong></span> <span class='ocrx_word' id='word_1_91' title='bbox 420 1464 606 1502; x_wconf 84' lang='lat' dir='ltr'><strong>Petron.</strong></span> <span class='ocrx_word' id='word_1_92' title='bbox 638 1468 708 1503; x_wconf 87' lang='lat' dir='ltr'><strong>sat.</strong></span> <span class='ocrx_word' id='word_1_93' title='bbox 741 1465 780 1503; x_wconf 83' lang='lat'><strong>2:</strong></span> <span class='ocrx_word' id='word_1_94' title='bbox 814 1472 946 1512; x_wconf 81' lang='lat' dir='ltr'><strong>‘nuper</strong></span> <span class='ocrx_word' id='word_1_95' title='bbox 974 1469 1132 1503; x_wconf 90' lang='lat' dir='ltr'><strong>ventosa</strong></span> <span class='ocrx_word' id='word_1_96' title='bbox 1160 1466 1279 1504; x_wconf 79' lang='lat' dir='ltr'><strong>istaec</strong></span> <span class='ocrx_word' id='word_1_97' title='bbox 1308 1470 1345 1503; x_wconf 85' lang='lat' dir='ltr'><strong>et</strong></span> <span class='ocrx_word' id='word_1_98' title='bbox 1375 1467 1538 1505; x_wconf 89' lang='lat' dir='ltr'><strong>enormis</strong></span> <span class='ocrx_word' id='word_1_99' title='bbox 1566 1467 1697 1514; x_wconf 85' lang='lat' dir='ltr'><strong>loqua-</strong></span> 
     </span>
     <span class='ocr_line' id='line_1_14' title="bbox 237 1528 1701 1578; baseline 0.001 -10"><span class='ocrx_word' id='word_1_100' title='bbox 237 1530 333 1568; x_wconf 82' lang='lat' dir='ltr'><strong>citas</strong></span> <span class='ocrx_word' id='word_1_101' title='bbox 351 1528 528 1567; x_wconf 81' lang='lat' dir='ltr'><strong>Athenas</strong></span> <span class='ocrx_word' id='word_1_102' title='bbox 557 1541 603 1567; x_wconf 82' lang='lat' dir='ltr'><strong>ex</strong></span> <span class='ocrx_word' id='word_1_103' title='bbox 622 1529 721 1568; x_wconf 85' lang='lat' dir='ltr'><strong>Asia</strong></span> <span class='ocrx_word' id='word_1_104' title='bbox 750 1530 1015 1576; x_wconf 85' lang='lat' dir='ltr'><strong>commigravit</strong></span> <span class='ocrx_word' id='word_1_105' title='bbox 1044 1532 1260 1577; x_wconf 87' lang='lat' dir='ltr'><strong>animosque</strong></span> <span class='ocrx_word' id='word_1_106' title='bbox 1288 1531 1466 1570; x_wconf 91' lang='lat' dir='ltr'><strong>iuvenum</strong></span> <span class='ocrx_word' id='word_1_107' title='bbox 1496 1531 1542 1569; x_wconf 87' lang='lat' dir='ltr'><strong>ad</strong></span> <span class='ocrx_word' id='word_1_108' title='bbox 1564 1542 1701 1578; x_wconf 87' lang='lat' dir='ltr'><strong>magna</strong></span> 
     </span>
     <span class='ocr_line' id='line_1_15' title="bbox 236 1595 1701 1643; baseline 0.001 -11"><span class='ocrx_word' id='word_1_109' title='bbox 236 1598 437 1642; x_wconf 84' lang='lat' dir='ltr'><strong>surgentes</strong></span> <span class='ocrx_word' id='word_1_110' title='bbox 456 1595 577 1634; x_wconf 89' lang='lat' dir='ltr'><strong>veluti</strong></span> <span class='ocrx_word' id='word_1_111' title='bbox 604 1595 856 1643; x_wconf 85' lang='lat' dir='ltr'><strong>pestilenti</strong></span> <span class='ocrx_word' id='word_1_112' title='bbox 887 1595 1078 1642; x_wconf 89' lang='lat' dir='ltr'><strong>quodam</strong></span> <span class='ocrx_word' id='word_1_113' title='bbox 1107 1595 1262 1633; x_wconf 84' lang='lat' dir='ltr'><strong>sidere</strong></span> <span class='ocrx_word' id='word_1_114' title='bbox 1291 1595 1484 1634; x_wconf 83' lang='lat' dir='ltr'><strong>afflavit</strong></span> <span class='ocrx_word' id='word_1_115' title='bbox 1512 1597 1701 1643; x_wconf 89' lang='lat' dir='ltr'><strong>semelque</strong></span> 
     </span>
     <span class='ocr_line' id='line_1_16' title="bbox 236 1660 1267 1708; baseline 0.002 -11"><span class='ocrx_word' id='word_1_116' title='bbox 236 1663 415 1707; x_wconf 86' lang='lat' dir='ltr'><strong>corrupta</strong></span> <span class='ocrx_word' id='word_1_117' title='bbox 442 1660 575 1708; x_wconf 86' lang='lat' dir='ltr'><strong>regula</strong></span> <span class='ocrx_word' id='word_1_118' title='bbox 604 1660 821 1707; x_wconf 84' lang='lat' dir='ltr'><strong>eloquentia</strong></span> <span class='ocrx_word' id='word_1_119' title='bbox 849 1660 958 1698; x_wconf 85' lang='lat' dir='ltr'><strong>stetit</strong></span> <span class='ocrx_word' id='word_1_120' title='bbox 988 1664 1025 1697; x_wconf 86' lang='lat' dir='ltr'><strong>et</strong></span> <span class='ocrx_word' id='word_1_121' title='bbox 1053 1660 1267 1699; x_wconf 84' lang='lat' dir='ltr'><strong>obmutuit’.</strong></span> 
     </span>
    </p>

    <p class='ocr_par' dir='ltr' id='par_1_5' title="bbox 235 1725 1702 1904">
     <span class='ocr_line' id='line_1_17' title="bbox 341 1725 1702 1773; baseline 0.001 -11"><span class='ocrx_word' id='word_1_122' title='bbox 341 1726 377 1763; x_wconf 84' lang='lat'><strong>2.</strong></span> <span class='ocrx_word' id='word_1_123' title='bbox 421 1725 519 1764; x_wconf 88' lang='lat' dir='ltr'><strong>Liv.</strong></span> <span class='ocrx_word' id='word_1_124' title='bbox 538 1725 649 1769; x_wconf 90' lang='lat' dir='ltr'><strong>VIII,</strong></span> <span class='ocrx_word' id='word_1_125' title='bbox 672 1726 706 1769; x_wconf 85' lang='lat'><strong>9,</strong></span> <span class='ocrx_word' id='word_1_126' title='bbox 733 1726 797 1762; x_wconf 82' lang='lat'><strong>12:</strong></span> <span class='ocrx_word' id='word_1_127' title='bbox 829 1725 1172 1762; x_wconf 85' lang='lat' dir='ltr'><strong>‘Evidentissimum</strong></span> <span class='ocrx_word' id='word_1_128' title='bbox 1191 1725 1231 1762; x_wconf 89' lang='lat' dir='ltr'><strong>id</strong></span> <span class='ocrx_word' id='word_1_129' title='bbox 1253 1726 1338 1770; x_wconf 81' lang='lat' dir='ltr'><strong>fuit,</strong></span> <span class='ocrx_word' id='word_1_130' title='bbox 1359 1726 1460 1772; x_wconf 90' lang='lat' dir='ltr'><strong>quod</strong></span> <span class='ocrx_word' id='word_1_131' title='bbox 1480 1737 1702 1773; x_wconf 86' lang='lat' dir='ltr'><strong>quacunque</strong></span> 
     </span>
     <span class='ocr_line' id='line_1_18' title="bbox 236 1790 1702 1840; baseline 0 -12"><span class='ocrx_word' id='word_1_132' title='bbox 236 1801 331 1837; x_wconf 91' lang='lat' dir='ltr'><strong>equo</strong></span> <span class='ocrx_word' id='word_1_133' title='bbox 359 1791 532 1829; x_wconf 89' lang='lat' dir='ltr'><strong>invectus</strong></span> <span class='ocrx_word' id='word_1_134' title='bbox 561 1794 620 1828; x_wconf 87' lang='lat' dir='ltr'><strong>est</strong></span> <span class='ocrx_word' id='word_1_135' title='bbox 639 1790 679 1840; x_wconf 90' lang='lat' dir='ltr'><strong>(i.</strong></span> <span class='ocrx_word' id='word_1_136' title='bbox 701 1803 733 1829; x_wconf 88' lang='lat' dir='ltr'><strong>e.</strong></span> <span class='ocrx_word' id='word_1_137' title='bbox 761 1790 905 1828; x_wconf 86' lang='lat' dir='ltr'><strong>Decius</strong></span> <span class='ocrx_word' id='word_1_138' title='bbox 925 1791 1039 1837; x_wconf 88' lang='lat' dir='ltr'><strong>Mus),</strong></span> <span class='ocrx_word' id='word_1_139' title='bbox 1069 1791 1121 1827; x_wconf 92' lang='lat' dir='ltr'><strong>ibi</strong></span> <span class='ocrx_word' id='word_1_140' title='bbox 1149 1791 1248 1828; x_wconf 82' lang='lat' dir='ltr'><strong>haud</strong></span> <span class='ocrx_word' id='word_1_141' title='bbox 1280 1802 1388 1829; x_wconf 90' lang='lat' dir='ltr'><strong>secus</strong></span> <span class='ocrx_word' id='word_1_142' title='bbox 1417 1802 1526 1837; x_wconf 86' lang='lat' dir='ltr'><strong>quam</strong></span> <span class='ocrx_word' id='word_1_143' title='bbox 1555 1792 1702 1838; x_wconf 83' lang='lat' dir='ltr'><strong>pesti-</strong></span> 
     </span>
     <span class='ocr_line' id='line_1_19' title="bbox 235 1856 898 1904; baseline 0.002 -11"><span class='ocrx_word' id='word_1_144' title='bbox 235 1856 338 1894; x_wconf 84' lang='lat' dir='ltr'><strong>fero</strong></span> <span class='ocrx_word' id='word_1_145' title='bbox 367 1856 519 1894; x_wconf 90' lang='lat' dir='ltr'><strong>sidere</strong></span> <span class='ocrx_word' id='word_1_146' title='bbox 546 1856 650 1901; x_wconf 88' lang='lat' dir='ltr'><strong>icti,</strong></span> <span class='ocrx_word' id='word_1_147' title='bbox 680 1857 898 1904; x_wconf 82' lang='lat' dir='ltr'><strong>pavebant&#39;.</strong></span> 
     </span>
    </p>

    <p class='ocr_par' dir='ltr' id='par_1_6' title="bbox 234 1921 1702 2295">
     <span class='ocr_line' id='line_1_20' title="bbox 342 1921 1702 1969; baseline 0 -11"><span class='ocrx_word' id='word_1_148' title='bbox 342 1922 378 1959; x_wconf 87' lang='lat'><strong>3.</strong></span> <span class='ocrx_word' id='word_1_149' title='bbox 419 1921 537 1958; x_wconf 88' lang='lat' dir='ltr'><strong>Plin.</strong></span> <span class='ocrx_word' id='word_1_150' title='bbox 567 1922 615 1968; x_wconf 91' lang='lat' dir='ltr'><strong>II,</strong></span> <span class='ocrx_word' id='word_1_151' title='bbox 647 1922 710 1966; x_wconf 90' lang='lat'><strong>41,</strong></span> <span class='ocrx_word' id='word_1_152' title='bbox 745 1922 835 1959; x_wconf 86' lang='lat'>108:</span> <span class='ocrx_word' id='word_1_153' title='bbox 881 1921 991 1969; x_wconf 79' lang='lat' dir='ltr'><strong>‘Quin</strong></span> <span class='ocrx_word' id='word_1_154' title='bbox 1034 1921 1071 1957; x_wconf 90' lang='lat' dir='ltr'><strong>in</strong></span> <span class='ocrx_word' id='word_1_155' title='bbox 1115 1921 1288 1968; x_wconf 86' lang='lat' dir='ltr'><strong>partibus</strong></span> <span class='ocrx_word' id='word_1_156' title='bbox 1330 1932 1476 1968; x_wconf 91' lang='lat' dir='ltr'><strong>quoque</strong></span> <span class='ocrx_word' id='word_1_157' title='bbox 1511 1921 1702 1968; x_wconf 87' lang='lat' dir='ltr'><strong>signorum</strong></span> 
     </span>
     <span class='ocr_line' id='line_1_21' title="bbox 235 1986 1702 2033; baseline 0.001 -10"><span class='ocrx_word' id='word_1_158' title='bbox 235 1986 473 2033; x_wconf 89' lang='lat' dir='ltr'><strong>quorundam</strong></span> <span class='ocrx_word' id='word_1_159' title='bbox 501 1997 569 2024; x_wconf 88' lang='lat' dir='ltr'><strong>sua</strong></span> <span class='ocrx_word' id='word_1_160' title='bbox 598 1987 656 2025; x_wconf 87' lang='lat' dir='ltr'><strong>vis</strong></span> <span class='ocrx_word' id='word_1_161' title='bbox 685 1987 794 2032; x_wconf 89' lang='lat' dir='ltr'><strong>inest,</strong></span> <span class='ocrx_word' id='word_1_162' title='bbox 826 1990 868 2023; x_wconf 93' lang='lat' dir='ltr'><strong>ut</strong></span> <span class='ocrx_word' id='word_1_163' title='bbox 897 1986 1104 2023; x_wconf 85' lang='lat' dir='ltr'><strong>autumnali</strong></span> <span class='ocrx_word' id='word_1_164' title='bbox 1131 1986 1369 2032; x_wconf 87' lang='lat' dir='ltr'><strong>aequinoctio</strong></span> <span class='ocrx_word' id='word_1_165' title='bbox 1392 1987 1598 2033; x_wconf 87' lang='lat' dir='ltr'><strong>brumaque</strong></span> <span class='ocrx_word' id='word_1_166' title='bbox 1619 1997 1702 2024; x_wconf 90' lang='lat' dir='ltr'><strong>cum</strong></span> 
     </span>
     <span class='ocr_line' id='line_1_22' title="bbox 234 2051 1700 2098; baseline 0.001 -10"><span class='ocrx_word' id='word_1_167' title='bbox 234 2051 526 2098; x_wconf 84' lang='lat' dir='ltr'><strong>tempestatibus</strong></span> <span class='ocrx_word' id='word_1_168' title='bbox 569 2051 703 2089; x_wconf 91' lang='lat' dir='ltr'><strong>confici</strong></span> <span class='ocrx_word' id='word_1_169' title='bbox 746 2052 847 2090; x_wconf 88' lang='lat' dir='ltr'><strong>sidus</strong></span> <span class='ocrx_word' id='word_1_170' title='bbox 888 2051 1163 2098; x_wconf 79' lang='lat' dir='ltr'><strong>intellegimus,</strong></span> <span class='ocrx_word' id='word_1_171' title='bbox 1211 2063 1279 2089; x_wconf 91' lang='lat' dir='ltr'><strong>nec</strong></span> <span class='ocrx_word' id='word_1_172' title='bbox 1320 2051 1504 2088; x_wconf 89' lang='lat' dir='ltr'><strong>imbribus</strong></span> <span class='ocrx_word' id='word_1_173' title='bbox 1550 2055 1700 2089; x_wconf 87' lang='lat' dir='ltr'><strong>tantum</strong></span> 
     </span>
     <span class='ocr_line' id='line_1_23' title="bbox 234 2117 1700 2165; baseline 0 -12"><span class='ocrx_word' id='word_1_174' title='bbox 234 2117 601 2164; x_wconf 84' lang='lat' dir='ltr'><strong>tempestatibusque</strong></span> <span class='ocrx_word' id='word_1_175' title='bbox 646 2117 712 2156; x_wconf 89' lang='lat' dir='ltr'><strong>sed</strong></span> <span class='ocrx_word' id='word_1_176' title='bbox 753 2118 883 2155; x_wconf 87' lang='lat' dir='ltr'><strong>multis</strong></span> <span class='ocrx_word' id='word_1_177' title='bbox 925 2121 963 2154; x_wconf 89' lang='lat' dir='ltr'><strong>et</strong></span> <span class='ocrx_word' id='word_1_178' title='bbox 992 2128 1191 2165; x_wconf 90' lang='lat' dir='ltr'><strong>corporum</strong></span> <span class='ocrx_word' id='word_1_179' title='bbox 1221 2121 1259 2153; x_wconf 86' lang='lat' dir='ltr'><strong>et</strong></span> <span class='ocrx_word' id='word_1_180' title='bbox 1292 2117 1393 2154; x_wconf 88' lang='lat' dir='ltr'><strong>ruris</strong></span> <span class='ocrx_word' id='word_1_181' title='bbox 1422 2117 1700 2164; x_wconf 83' lang='lat' dir='ltr'><strong>experimentis.</strong></span> 
     </span>
     <span class='ocr_line' id='line_1_24' title="bbox 234 2181 1699 2229; baseline 0.001 -10"><span class='ocrx_word' id='word_1_182' title='bbox 234 2181 494 2219; x_wconf 84' lang='lat' dir='ltr'><strong>Afflantur</strong></span> <span class='ocrx_word' id='word_1_183' title='bbox 522 2182 604 2219; x_wconf 88' lang='lat' dir='ltr'><strong>alii</strong></span> <span class='ocrx_word' id='word_1_184' title='bbox 633 2182 806 2229; x_wconf 89' lang='lat' dir='ltr'><strong>sidere,</strong></span> <span class='ocrx_word' id='word_1_185' title='bbox 836 2182 901 2220; x_wconf 90' lang='lat' dir='ltr'><strong>alii</strong></span> <span class='ocrx_word' id='word_1_186' title='bbox 921 2185 1201 2219; x_wconf 87' lang='lat' dir='ltr'><strong>commoventur</strong></span> <span class='ocrx_word' id='word_1_187' title='bbox 1219 2182 1330 2218; x_wconf 88' lang='lat' dir='ltr'><strong>statis</strong></span> <span class='ocrx_word' id='word_1_188' title='bbox 1349 2181 1583 2229; x_wconf 87' lang='lat' dir='ltr'><strong>temporibus</strong></span> <span class='ocrx_word' id='word_1_189' title='bbox 1604 2182 1699 2229; x_wconf 85' lang='lat' dir='ltr'><strong>alvo,</strong></span> 
     </span>
     <span class='ocr_line' id='line_1_25' title="bbox 234 2247 810 2295; baseline 0 -11"><span class='ocrx_word' id='word_1_190' title='bbox 234 2247 374 2292; x_wconf 89' lang='lat' dir='ltr'><strong>nervis,</strong></span> <span class='ocrx_word' id='word_1_191' title='bbox 404 2247 543 2295; x_wconf 90' lang='lat' dir='ltr'><strong>capite,</strong></span> <span class='ocrx_word' id='word_1_192' title='bbox 571 2251 698 2285; x_wconf 90' lang='lat' dir='ltr'><strong>mente</strong></span> <span class='ocrx_word' id='word_1_193' title='bbox 726 2248 810 2284; x_wconf 84' lang='lat' dir='ltr'><strong>etc.&#39;</strong></span> 
     </span>
    </p>

    <p class='ocr_par' dir='ltr' id='par_1_7' title="bbox 233 2311 1704 2555">
     <span class='ocr_line' id='line_1_26' title="bbox 342 2311 1700 2359; baseline -0.001 -10"><span class='ocrx_word' id='word_1_194' title='bbox 342 2312 400 2349; x_wconf 83' lang='lat' dir='ltr'><strong>Ex</strong></span> <span class='ocrx_word' id='word_1_195' title='bbox 441 2312 501 2349; x_wconf 89' lang='lat' dir='ltr'><strong>his</strong></span> <span class='ocrx_word' id='word_1_196' title='bbox 541 2312 667 2350; x_wconf 90' lang='lat' dir='ltr'><strong>verbis</strong></span> <span class='ocrx_word' id='word_1_197' title='bbox 695 2312 881 2350; x_wconf 89' lang='lat' dir='ltr'><strong>Plinianis</strong></span> <span class='ocrx_word' id='word_1_198' title='bbox 922 2312 1014 2349; x_wconf 91' lang='lat' dir='ltr'><strong>nihil</strong></span> <span class='ocrx_word' id='word_1_199' title='bbox 1058 2312 1151 2349; x_wconf 88' lang='lat' dir='ltr'><strong>certi</strong></span> <span class='ocrx_word' id='word_1_200' title='bbox 1194 2311 1321 2358; x_wconf 82' lang='lat' dir='ltr'><strong>colligi</strong></span> <span class='ocrx_word' id='word_1_201' title='bbox 1356 2315 1484 2359; x_wconf 88' lang='lat' dir='ltr'><strong>potest</strong></span> <span class='ocrx_word' id='word_1_202' title='bbox 1521 2317 1635 2357; x_wconf 88' lang='lat' dir='ltr'><strong>atque</strong></span> <span class='ocrx_word' id='word_1_203' title='bbox 1662 2311 1700 2348; x_wconf 91' lang='lat' dir='ltr'><strong>in</strong></span> 
     </span>
     <span class='ocr_line' id='line_1_27' title="bbox 234 2376 1704 2425; baseline -0.001 -11"><span class='ocrx_word' id='word_1_204' title='bbox 234 2378 361 2415; x_wconf 88' lang='lat' dir='ltr'><strong>verbis</strong></span> <span class='ocrx_word' id='word_1_205' title='bbox 389 2377 560 2415; x_wconf 86' lang='lat' dir='ltr'><strong>Petronii</strong></span> <span class='ocrx_word' id='word_1_206' title='bbox 588 2382 626 2415; x_wconf 90' lang='lat' dir='ltr'><strong>et</strong></span> <span class='ocrx_word' id='word_1_207' title='bbox 652 2378 757 2416; x_wconf 89' lang='lat' dir='ltr'><strong>Livii</strong></span> <span class='ocrx_word' id='word_1_208' title='bbox 799 2378 846 2415; x_wconf 89' lang='lat' dir='ltr'><strong>ad</strong></span> <span class='ocrx_word' id='word_1_209' title='bbox 890 2378 1025 2415; x_wconf 90' lang='lat' dir='ltr'><strong>sideris</strong></span> <span class='ocrx_word' id='word_1_210' title='bbox 1065 2377 1140 2415; x_wconf 88' lang='lat' dir='ltr'><strong>vim</strong></span> <span class='ocrx_word' id='word_1_211' title='bbox 1184 2376 1445 2425; x_wconf 84' lang='lat' dir='ltr'><strong>explicandam</strong></span> <span class='ocrx_word' id='word_1_212' title='bbox 1475 2377 1704 2414; x_wconf 76' lang='lat' dir='ltr'><strong>adjectivum</strong></span> 
     </span>
     <span class='ocr_line' id='line_1_28' title="bbox 235 2441 1703 2491; baseline -0.002 -11"><span class='ocrx_word' id='word_1_213' title='bbox 235 2443 440 2490; x_wconf 87' lang='lat' dir='ltr'><strong>‘pestilens&#39;</strong></span> <span class='ocrx_word' id='word_1_214' title='bbox 485 2443 545 2480; x_wconf 87' lang='lat' dir='ltr'><strong>vel</strong></span> <span class='ocrx_word' id='word_1_215' title='bbox 590 2442 769 2491; x_wconf 84' lang='lat' dir='ltr'><strong>‘pestifer&#39;</strong></span> <span class='ocrx_word' id='word_1_216' title='bbox 814 2446 871 2480; x_wconf 90' lang='lat' dir='ltr'><strong>est</strong></span> <span class='ocrx_word' id='word_1_217' title='bbox 906 2443 1087 2486; x_wconf 88' lang='lat' dir='ltr'><strong>additum,</strong></span> <span class='ocrx_word' id='word_1_218' title='bbox 1131 2442 1232 2488; x_wconf 85' lang='lat' dir='ltr'><strong>quod</strong></span> <span class='ocrx_word' id='word_1_219' title='bbox 1259 2442 1374 2479; x_wconf 87' lang='lat' dir='ltr'><strong>latius</strong></span> <span class='ocrx_word' id='word_1_220' title='bbox 1402 2445 1510 2489; x_wconf 88' lang='lat' dir='ltr'><strong>patet</strong></span> <span class='ocrx_word' id='word_1_221' title='bbox 1538 2445 1576 2479; x_wconf 88' lang='lat' dir='ltr'><strong>et</strong></span> <span class='ocrx_word' id='word_1_222' title='bbox 1603 2441 1703 2478; x_wconf 90' lang='lat' dir='ltr'><strong>idem</strong></span> 
     </span>
     <span class='ocr_line' id='line_1_29' title="bbox 233 2507 1211 2555; baseline -0.001 -11"><span class='ocrx_word' id='word_1_223' title='bbox 233 2507 421 2554; x_wconf 87' lang='lat' dir='ltr'><strong>significat</strong></span> <span class='ocrx_word' id='word_1_224' title='bbox 450 2512 565 2554; x_wconf 89' lang='lat' dir='ltr'><strong>atque</strong></span> <span class='ocrx_word' id='word_1_225' title='bbox 596 2508 855 2555; x_wconf 85' lang='lat' dir='ltr'><strong>‘perniciosus&#39;</strong></span> <span class='ocrx_word' id='word_1_226' title='bbox 886 2509 947 2545; x_wconf 90' lang='lat' dir='ltr'><strong>vel</strong></span> <span class='ocrx_word' id='word_1_227' title='bbox 978 2507 1211 2544; x_wconf 87' lang='lat' dir='ltr'><strong>‘damnosus&#39;.</strong></span> 
     </span>
    </p>

    <p class='ocr_par' dir='ltr' id='par_1_8' title="bbox 234 2569 1704 2881">
     <span class='ocr_line' id='line_1_30' title="bbox 339 2569 1700 2619; baseline -0.003 -9"><span class='ocrx_word' id='word_1_228' title='bbox 339 2571 414 2610; x_wconf 87' lang='lat' dir='ltr'><strong>Sed</strong></span> <span class='ocrx_word' id='word_1_229' title='bbox 443 2577 568 2610; x_wconf 87' lang='lat' dir='ltr'><strong>exstat</strong></span> <span class='ocrx_word' id='word_1_230' title='bbox 595 2573 701 2610; x_wconf 89' lang='lat' dir='ltr'><strong>aliud</strong></span> <span class='ocrx_word' id='word_1_231' title='bbox 728 2573 998 2617; x_wconf 82' lang='lat' dir='ltr'><strong>testimonium,</strong></span> <span class='ocrx_word' id='word_1_232' title='bbox 1042 2582 1113 2619; x_wconf 90' lang='lat' dir='ltr'><strong>quo</strong></span> <span class='ocrx_word' id='word_1_233' title='bbox 1143 2572 1350 2609; x_wconf 86' lang='lat' dir='ltr'><strong>Mommsen</strong></span> <span class='ocrx_word' id='word_1_234' title='bbox 1379 2571 1458 2608; x_wconf 87' lang='lat' dir='ltr'><strong>sine</strong></span> <span class='ocrx_word' id='word_1_235' title='bbox 1487 2570 1566 2607; x_wconf 88' lang='lat' dir='ltr'><strong>ulla</strong></span> <span class='ocrx_word' id='word_1_236' title='bbox 1594 2569 1700 2607; x_wconf 89' lang='lat' dir='ltr'><strong>dubi-</strong></span> 
     </span>
     <span class='ocr_line' id='line_1_31' title="bbox 234 2635 1702 2686; baseline -0.001 -12"><span class='ocrx_word' id='word_1_237' title='bbox 234 2637 382 2676; x_wconf 88' lang='lat' dir='ltr'><strong>tatione</strong></span> <span class='ocrx_word' id='word_1_238' title='bbox 424 2638 482 2676; x_wconf 90' lang='lat' dir='ltr'><strong>uti</strong></span> <span class='ocrx_word' id='word_1_239' title='bbox 523 2641 688 2686; x_wconf 84' lang='lat' dir='ltr'><strong>poterat.</strong></span> <span class='ocrx_word' id='word_1_240' title='bbox 744 2638 862 2685; x_wconf 89' lang='lat' dir='ltr'><strong>Apud</strong></span> <span class='ocrx_word' id='word_1_241' title='bbox 896 2636 1069 2674; x_wconf 89' lang='lat' dir='ltr'><strong>Orosium</strong></span> <span class='ocrx_word' id='word_1_242' title='bbox 1100 2636 1166 2684; x_wconf 84' lang='lat' dir='ltr'><strong>(V,</strong></span> <span class='ocrx_word' id='word_1_243' title='bbox 1200 2636 1260 2680; x_wconf 89' lang='grc'><strong>19,</strong></span> <span class='ocrx_word' id='word_1_244' title='bbox 1294 2636 1356 2684; x_wconf 86' lang='grc'><strong>18)</strong></span> <span class='ocrx_word' id='word_1_245' title='bbox 1394 2636 1491 2673; x_wconf 89' lang='lat' dir='ltr'><strong>enim</strong></span> <span class='ocrx_word' id='word_1_246' title='bbox 1526 2635 1702 2681; x_wconf 81' lang='lat' dir='ltr'><strong>legimus:</strong></span> 
     </span>
     <span class='ocr_line' id='line_1_32' title="bbox 236 2699 1704 2751; baseline -0.003 -11"><span class='ocrx_word' id='word_1_247' title='bbox 236 2702 453 2751; x_wconf 89' lang='lat' dir='ltr'><strong>‘Pompeius</strong></span> <span class='ocrx_word' id='word_1_248' title='bbox 481 2703 638 2740; x_wconf 85' lang='lat' dir='ltr'><strong>fulmine</strong></span> <span class='ocrx_word' id='word_1_249' title='bbox 669 2702 821 2740; x_wconf 82' lang='lat' dir='ltr'><strong>afflatus</strong></span> <span class='ocrx_word' id='word_1_250' title='bbox 849 2702 1009 2746; x_wconf 88' lang='lat' dir='ltr'><strong>interiit,</strong></span> <span class='ocrx_word' id='word_1_251' title='bbox 1040 2701 1228 2739; x_wconf 77' lang='lat' dir='ltr'><strong>exercitus</strong></span> <span class='ocrx_word' id='word_1_252' title='bbox 1256 2712 1346 2739; x_wconf 89' lang='lat' dir='ltr'><strong>vero</strong></span> <span class='ocrx_word' id='word_1_253' title='bbox 1375 2701 1455 2738; x_wconf 87' lang='lat' dir='ltr'><strong>eius</strong></span> <span class='ocrx_word' id='word_1_254' title='bbox 1484 2699 1704 2747; x_wconf 88' lang='lat' dir='ltr'><strong>pestilentia</strong></span> 
     </span>
     <span class='ocr_line' id='line_1_33' title="bbox 236 2765 1702 2816; baseline -0.003 -11"><span class='ocrx_word' id='word_1_255' title='bbox 236 2773 434 2816; x_wconf 86' lang='lat' dir='ltr'><strong>correptus</strong></span> <span class='ocrx_word' id='word_1_256' title='bbox 463 2780 584 2816; x_wconf 89' lang='lat' dir='ltr'><strong>paene</strong></span> <span class='ocrx_word' id='word_1_257' title='bbox 613 2771 717 2806; x_wconf 90' lang='lat' dir='ltr'><strong>totus</strong></span> <span class='ocrx_word' id='word_1_258' title='bbox 747 2769 967 2815; x_wconf 87' lang='lat' dir='ltr'><strong>absumptus</strong></span> <span class='ocrx_word' id='word_1_259' title='bbox 997 2770 1076 2810; x_wconf 80' lang='lat' dir='ltr'><strong>est;</strong></span> <span class='ocrx_word' id='word_1_260' title='bbox 1104 2777 1189 2803; x_wconf 85' lang='lat' dir='ltr'><strong>nam</strong></span> <span class='ocrx_word' id='word_1_261' title='bbox 1217 2766 1389 2803; x_wconf 89' lang='lat' dir='ltr'><strong>undecim</strong></span> <span class='ocrx_word' id='word_1_262' title='bbox 1409 2765 1514 2802; x_wconf 90' lang='lat' dir='ltr'><strong>milia</strong></span> <span class='ocrx_word' id='word_1_263' title='bbox 1533 2765 1702 2802; x_wconf 87' lang='lat' dir='ltr'><strong>virorum</strong></span> 
     </span>
     <span class='ocr_line' id='line_1_34' title="bbox 234 2829 1702 2881; baseline -0.003 -10"><span class='ocrx_word' id='word_1_264' title='bbox 234 2833 280 2871; x_wconf 90' lang='lat' dir='ltr'><strong>de</strong></span> <span class='ocrx_word' id='word_1_265' title='bbox 309 2834 445 2871; x_wconf 85' lang='lat' dir='ltr'><strong>castris</strong></span> <span class='ocrx_word' id='word_1_266' title='bbox 474 2833 632 2881; x_wconf 88' lang='lat' dir='ltr'><strong>Pompei</strong></span> <span class='ocrx_word' id='word_1_267' title='bbox 675 2838 843 2878; x_wconf 78' lang='lat' dir='ltr'><strong>mortua,</strong></span> <span class='ocrx_word' id='word_1_268' title='bbox 886 2843 951 2870; x_wconf 82' lang='lat' dir='ltr'><strong>sex</strong></span> <span class='ocrx_word' id='word_1_269' title='bbox 993 2832 1097 2869; x_wconf 86' lang='lat' dir='ltr'><strong>milia</strong></span> <span class='ocrx_word' id='word_1_270' title='bbox 1141 2835 1266 2869; x_wconf 87' lang='lat' dir='ltr'><strong>autem</strong></span> <span class='ocrx_word' id='word_1_271' title='bbox 1309 2831 1355 2868; x_wconf 90' lang='lat' dir='ltr'><strong>de</strong></span> <span class='ocrx_word' id='word_1_272' title='bbox 1398 2833 1507 2878; x_wconf 87' lang='lat' dir='ltr'><strong>parte</strong></span> <span class='ocrx_word' id='word_1_273' title='bbox 1549 2829 1702 2868; x_wconf 88' lang='lat' dir='ltr'><strong>Octavii</strong></span> 
     </span>
    </p>
   </div>
  </div>
 </body>
</html>
