2066 3448
734 416 1024 457 —49-

146 545 188 581 in
217 544 311 590 fuga
330 543 448 580 Marii
477 543 690 580 enarranda
718 554 770 581 cc.
794 543 841 580 38
872 546 910 580 et
930 543 992 587 39,
1021 553 1118 589 quae
1146 542 1273 588 aliqua
1300 552 1347 579 ex
1376 547 1485 589 parte
1515 541 1616 579 infra

146 609 186 646 in
214 618 365 646 censum
401 608 563 654 venient,
607 607 708 644 Livii
744 612 783 645 et
809 607 1006 645 Posidonii
1034 607 1290 644 narrationem
1318 607 1611 647 contaminasse:

143 673 213 711 sed
232 684 315 720 cap.
335 672 381 709 41
405 683 499 719 sqq.‚
529 683 625 718 quae
646 672 736 709 belli
755 672 955 710 Octaviani
974 672 1196 710 memoriam
1216 672 1422 716 continent,
1452 671 1614 709 redeunt

143 737 195 776 ad
213 737 373 775 eundem
393 736 537 775 fontem
556 742 671 783 atque
691 737 905 784 Appianus,
936 737 984 774 ad
1009 737 1129 774 solum
1149 736 1395 774 Posidonium
1416 736 1478 785 (cf.
1500 736 1615 774 Peter

144 814 181 850 p.
214 802 309 846 103,
338 802 477 840 Busolt
504 814 540 850 p.
569 802 684 851 428);
715 803 867 839 Livium
895 802 936 839 in
963 802 1034 839 hac
1062 805 1173 849 parte
1200 801 1405 839 Plutarcho
1434 802 1511 838 iam
1539 812 1614 839 non

141 871 234 905 ante
261 867 389 904 oculos
417 866 531 904 fuisse
559 867 663 904 infra
691 878 788 905 novo
819 872 1043 913 argumento
1073 867 1256 904 evincam.

284 933 415 970 Tertio
448 932 532 969 loco
561 932 824 969 memorandus
853 936 910 969 est
938 932 1113 970 Livius.
1171 932 1264 969 Cum
1300 931 1380 969 eius
1413 931 1513 975 libri,
1549 931 1613 977 qui

145 997 194 1035 ad
223 1001 390 1035 aetatem
419 1009 441 1034 a
469 997 577 1034 nobis
602 1000 808 1034 tractatam
827 998 1083 1048 pertinebant,
1113 997 1161 1034 ad
1180 1008 1248 1034 nos
1267 1008 1341 1034 non
1360 995 1613 1044 pervenerint,

143 1062 411 1109 refugiendum
446 1066 504 1099 est
532 1062 581 1099 ad
610 1062 767 1108 exiguas
794 1061 993 1109 periochas
1023 1062 1101 1109 (79,
1132 1061 1200 1108 80)
1228 1061 1402 1107 Liviique
1431 1060 1614 1108 epitoma-

145 1131 260 1165 tores.
317 1127 412 1164 Dico
441 1128 605 1174 primum
625 1126 816 1171 Orosium,
847 1126 911 1172 qui
940 1126 1104 1162 omnium
1124 1125 1408 1163 accuratissime
1437 1125 1524 1162 illas
1552 1135 1613 1162 res

141 1192 319 1240 exposuit
346 1190 412 1239 (V,
438 1190 514 1239 19),
546 1191 682 1228 deinde
712 1190 771 1239 (ut
800 1192 972 1228 omittam
1002 1201 1078 1235 eos,
1108 1191 1171 1237 qui
1200 1190 1246 1227 de
1274 1190 1375 1227 bello
1404 1189 1615 1228 Octaviano

139 1257 236 1295 nihil
254 1255 512 1304 tradiderunt)
533 1255 732 1293 Valerium
752 1255 972 1300 Maximum,
993 1255 1164 1300 Florum,
1193 1254 1435 1301 Eutropium,
1465 1253 1494 1291 J
1497 1254 1613 1291 ulium

138 1322 438 1368 Obsequentem,
481 1321 760 1366 Augustinum,
805 1331 897 1367 quos
939 1331 1067 1357 omnes
1109 1331 1155 1356 ex
1191 1320 1302 1357 Livio
1346 1320 1407 1357 vel
1449 1319 1612 1366 epitome

141 1387 302 1433 quadam
331 1386 492 1423 Liviana
527 1385 697 1423 hausisse
733 1386 834 1422 inter
867 1395 994 1422 omnes
1024 1384 1222 1432 constat.¹)
1278 1383 1427 1421 Horum
1454 1394 1611 1422 numero

141 1462 238 1488 nunc
280 1451 360 1489 sine
401 1451 480 1488 ulla
522 1450 756 1487 dubitatione
799 1451 990 1487 ascribere
1031 1460 1226 1497 possumus
1268 1449 1384 1487 etiam
1426 1448 1612 1487 Velleium

137 1516 386 1554 Paterculum
415 1514 485 1562 (II,
517 1515 566 1552 20
586 1515 672 1562 sq.)‚
715 1515 776 1552 cui
810 1515 850 1552 in
884 1515 982 1551 libro
1012 1514 1051 1551 II
1078 1514 1229 1552 Livium
1268 1514 1457 1562 (equidem
1486 1513 1612 1561 potius

140 1582 255 1619 velim
291 1581 481 1628 epitomen
509 1579 725 1627 Livianam)
768 1579 883 1626 longe
920 1579 1124 1626 plurimam
1158 1579 1359 1616 materiam
1393 1579 1613 1626 praebuisse

139 1646 356 1694 nuperrime
384 1645 620 1682 Burmeister
658 1644 727 1688 „de
762 1643 929 1681 fontibus
959 1644 1082 1681 Vellei
1108 1643 1179 1682 P.“
1210 1643 1355 1692 (Berol.
1390 1642 1507 1691 1894)
1545 1653 1612 1681 nos

140 1710 269 1748 docuit
297 1710 361 1759 (cf.
390 1722 426 1757 p.
448 1710 497 1747 50
517 1710 628 1757 sqq.).
683 1710 786 1758 Quos
816 1712 942 1746 autem
961 1708 1096 1747 Livius
1125 1710 1163 1745 in
1183 1707 1355 1746 Mariano
1384 1707 1483 1745 bello
1512 1708 1614 1746 civili

145 1776 323 1813 habuerit
351 1778 540 1820 auctores,
570 1773 835 1812 difficillimum
855 1780 912 1810 est
932 1773 1147 1811 enucleare.
1189 1772 1236 1810 Id
1255 1772 1404 1819 quidem
1423 1783 1613 1819 nunquam

141 1840 268 1878 refelli
296 1843 433 1888 potest,
464 1839 562 1886 quod
584 1839 723 1876 Busolt
750 1839 844 1876 satis
874 1839 1002 1875 multis
1030 1838 1125 1875 locis
1153 1837 1316 1874 maxime
1336 1838 1489 1885 planum
1508 1836 1612 1882 fecit,

140 1905 293 1942 Livium
322 1906 360 1941 in
389 1904 579 1942 intestinis
607 1904 719 1942 rebus
747 1903 894 1940 Italicis
923 1902 1146 1940 enarrandis
1174 1913 1250 1940 non
1277 1902 1442 1949 pendere
1471 1913 1518 1940 ex
1537 1902 1612 1940 Po-

140 1970 303 2015 sidonio,
341 1981 424 2007 cum
458 1970 498 2007 in
533 1973 665 2006 extera
694 1969 804 2006 huius
832 1968 1014 2015 temporis
1041 1967 1204 2005 historia
1232 1967 1480 2006 describenda
1508 1972 1613 2005 certe

140 2035 207 2072 illo
235 2045 325 2072 usus
354 2035 415 2073 sit.
470 2034 620 2072 Deinde
650 2033 779 2071 Sullae
810 2033 1100 2071 commentarios
1119 2032 1272 2069 Livium
1300 2033 1362 2069 hic
1390 2036 1503 2078 atque
1532 2032 1613 2070 illic

141 2101 281 2147 legisse
313 2099 518 2138 verisimile
548 2103 606 2136 est
634 2098 699 2147 (cf.
731 2098 865 2135 Busolt
893 2110 927 2145 p.
957 2097 1065 2146 426).
1120 2097 1167 2134 Iu
1194 2097 1332 2134 iudicio
1361 2096 1406 2134 de
1436 2096 1612 2144 Pompeio

142 2164 330 2203 Strabone
358 2165 461 2202 facto
491 2175 577 2201 eum
607 2164 770 2201 fortasse
798 2162 989 2200 Rutilium
1017 2162 1161 2200 Rufum
1197 2165 1367 2199 secutum
1402 2172 1485 2199 esse
1513 2161 1613 2199 infra

142 2240 423 2277 cognoscemus.
466 2229 571 2277 Quos
592 2232 719 2266 autem
740 2228 835 2265 alios
855 2228 1061 2275 scriptores
1083 2226 1301 2276 (Claudium
1322 2226 1612 2274 Quadrigarium

141 2295 203 2333 vel
222 2295 421 2333 Valerium
442 2294 683 2341 Antiatemt’)
712 2293 932 2340 inspexerit,
962 2292 1075 2339 plane
1094 2292 1333 2338 ignoramus3
1365 2291 1436 2329 hoc
1464 2296 1612 2329 tantum

142 2363 291 2398 constat
318 2359 424 2397 Livii
453 2363 628 2396 auctores
660 2359 906 2406 optimatibus
935 2357 1087 2394 favisse.

283 2424 484 2461 Accedunt
503 2423 663 2470 deniqne
684 2423 732 2460 ad
752 2423 949 2460 historiam
969 2434 1002 2459 a.
1023 2422 1097 2458 667
1127 2421 1401 2458 restituendam
1430 2421 1612 2458 nonnulla

142 2488 295 2527 Cassii
322 2489 488 2526 Dionis
516 2488 732 2535 fragmenta
761 2488 827 2536 (fr.
861 2487 946 2530 lOO,
981 2488 1101 2523 l—ll
1134 2486 1312 2534 Mamer),
1349 2497 1506 2532 quorum
1535 2497 1611 2523 non

143 2554 305 2602 amplius
333 2554 406 2591 duo
436 2554 485 2591 ad
512 2564 574 2590 res
604 2565 626 2590 a
654 2553 852 2591 Liciniano
881 2551 1044 2589 traditas
1072 2554 1264 2598 spectant;
1293 2551 1455 2588 Diodori
1486 2554 1611 2588 autem

142 2623 326 2666 quattuor
341 2618 564 2665 fragmenta,
582 2629 678 2664 quae
695 2618 743 2655 ad
759 2617 898 2654 bellum
917 2616 1169 2655 Octavianum
1184 2616 1388 2663 pertinent,
1408 2614 1611 2653 referenda

285 2760 310 2804 ¹)
338 2758 439 2802 Quae
465 2758 511 2794 de
537 2759 605 2794 hac
629 2769 670 2794 re
695 2758 833 2803 scripta
857 2758 942 2802 sint,
968 2758 1137 2792 accurate
1162 2756 1316 2792 collecta
1332 2756 1495 2791 invenies
1514 2755 1612 2801 apud

146 2818 531 2863 Maurenbrecherum‚
557 2817 662 2863 proll.
690 2817 736 2852 ad
763 2816 850 2853 Sall.
876 2816 969 2854 Hist.
994 2815 1183 2862 Reliquias
1209 2826 1244 2860 p.
1274 2816 1316 2850 10
1334 2825 1412 2860 sqq.

216 2882 357 2911 Berliner
377 2881 517 2911 Studien.
553 2881 640 2911 XVI.
659 2881 714 2909 Bd.
751 2881 776 2912 3.
795 2880 881 2911 Heft.
1357 2870 1379 2903 4
