2066 3448
784 427 1072 468 *83—

194 550 301 588 nobis
342 550 520 589 traditur.
589 551 755 590 Accedit
797 553 894 600 quod
930 553 1152 591 Mommseni
1193 555 1420 592 sententiam
1463 554 1663 593 confirmat

193 615 281 654 Val.
312 614 411 652 Max.
443 614 518 660 IX,
549 616 583 658 7,
606 618 648 655 3:
680 617 756 654 ‘ille
785 628 933 664 quoque
963 618 1153 656 exercitus
1182 640 1231 646 —
1261 619 1324 666 qui
1354 619 1395 657 C.
1431 618 1658 664 Carbonem,

193 679 350 718 fratrem
380 678 568 718 Carbonis
596 685 656 718 ter
698 682 878 728 consulis,
924 687 1084 730 propter
1124 683 1226 720 bella
1269 684 1396 721 civilia
1438 684 1662 722 dissolutam

194 745 430 793 disciplinam
460 745 663 783 militarem
698 747 953 794 praefractius
987 751 1027 784 et
1060 748 1217 796 rigidius
1246 749 1457 796 astringere
1486 753 1664 787 conatum

193 809 402 858 privavit
430 810 527 848 vita
556 812 639 849 etc.'
681 811 793 849 Haud
821 812 921 849 enim
949 811 1061 850 facile
1090 812 1161 850 1100
1189 812 1272 850 1000
1302 813 1347 851 (10
1376 813 1451 851 alio
1474 813 1664 852 Carbonis

194 875 317 913 fratre
346 875 606 922 cogitabimus.
664 876 846 913 Proxima
881 876 996 914 verba
1023 877 1217 915 Liciniani
1252 878 1587 927 ‘is—proscriptos
1617 890 1664 917 ex

195 940 332 988 oppido
362 940 568 978 dimiserat'
599 940 806 979 Mommsen
837 940 1075 988 Strabonem,
1090 942 1119 990 ¹)
1148 943 1186 980 ni
1214 942 1351 985 fallor.
1380 947 1531 981 secutus
1560 948 1665 982 recte

195 1005 250 1043 sic
277 1005 484 1053 intellegit:
526 1005 675 1050 „Carbo
705 1018 751 1043 ex
779 1010 890 1053 pacto
920 1006 1125 1049 inviolatos
1153 1007 1258 1045 abire
1289 1019 1421 1055 passus
1451 1012 1578 1051 erat“;
1621 1020 1665 1046 ea

192 1071 278 1118 ipsa
298 1070 344 1108 de
364 1082 478 1108 causa
496 1071 637 1108 milites
657 1071 834 1108 occidunt
848 1071 1117 1119 imperatorem
1138 1073 1272 1115 „nimis
1291 1073 1575 1120 indulgentem“
1595 1073 1662 1123 (⁶3).

194 1134 254 1173 At
281 1135 431 1182 Lange,
462 1136 524 1182 qui
552 1136 650 1183 legit
680 1135 959 1184 ‘dimisera[n]t’
990 1140 1029 1174 et
1056 1139 1144 1183 post
1171 1136 1290 1175 verba
1319 1136 1362 1174 ‘is
1393 1136 1458 1175 Cn.
1480 1136 1664 1176 Carbonis

195 1200 319 1238 frater
346 1200 431 1238 fuit'
463 1200 626 1238 collocat
659 1204 855 1248 punctum,
899 1201 967 1238 illa
1009 1201 1124 1238 verba
1159 1199 1278 1239 refert
1313 1201 1359 1238 ad
1389 1201 1665 1240 Volaterranos

195 1269 309 1312 atque
337 1266 392 1303 sic
421 1266 604 1313 explicat:
639 1265 736 1309 „Die
765 1265 851 1303 Vol.
881 1265 1003 1312 geben
1033 1277 1100 1302 vor
1129 1255 1332 1313 llbergabe
1362 1266 1429 1304 der
1449 1265 1562 1304 Stadt
1593 1267 1666 1305 den

195 1330 506 1368 Proskribierten
535 1329 789 1376 Gelegenheit
816 1341 883 1366 zur
914 1330 1089 1367 Flucht.“
1131 1329 1206 1367 Sed
1234 1330 1321 1367 huic
1349 1332 1562 1369 sententiae
1592 1343 1666 1370 non

196 1395 315 1433 solum
344 1395 514 1442 iniquum
544 1399 602 1432 est
630 1394 730 1441 quod
759 1394 942 1432 traditum
972 1395 1126 1432 verbum
1156 1396 1349 1442 corrigere
1379 1396 1564 1444 cogimur,
1600 1397 1667 1434 sed

195 1461 309 1499 etiam
349 1459 547 1497 Strabonis
589 1460 706 1497 verba
746 1459 984 1507 impugnant,
1029 1460 1093 1506 qui
1134 1460 1255 1497 tradit
1296 1460 1381 1498 illos
1423 1459 1666 1502 ὑποσπόνδους

195 1526 468 1576 παραχωρῆσαι.

300 1590 424 1629 Nimis
452 1589 633 1627 audacter
662 1589 863 1627 Francken
900 1593 938 1627 et
966 1589 1123 1636 Madvig
1165 1589 1221 1638 (p.
1252 1589 1347 1638 401)
1390 1590 1462 1628 hoc
1503 1590 1666 1629 obscuro

194 1657 277 1694 1000
307 1656 364 1693 ita
392 1655 524 1693 volunt
553 1654 704 1701 mederi,
736 1658 779 1692 ut
806 1654 846 1691 in
874 1654 1070 1692 enuntiato
1102 1653 1289 1692 ‘Carbone
1325 1655 1518 1702 praetorio
1557 1666 1666 1702 quem

196 1720 304 1759 Sulla
332 1719 581 1769 praefecerat’
613 1730 681 1767 pro
706 1718 834 1757 ‘Sulla'
857 1719 931 1764 legi
959 1719 1113 1757 iubeant
1132 1719 1300 1757 ‘Marius'
1332 1720 1487 1766 eiusque
1515 1731 1667 1757 sensum

197 1787 254 1824 ita
281 1785 524 1832 intellegant:
555 1783 693 1829 Carbo,
723 1784 798 1822 dux
826 1783 1079 1831 Marianus,
1118 1795 1203 1822 011111
1237 1795 1260 1822 a
1288 1783 1456 1822 Sullanis
1484 1785 1667 1833 oppidum

199 1850 403 1889 defendere
431 1861 472 1888 se
499 1861 575 1888 non
604 1861 715 1897 posse
744 1849 901 1897 videret,
933 1850 1157 1897 proscriptis
1178 1850 1274 1888 clam
1294 1849 1478 1897 permisit,
1507 1853 1551 1887 ut
1576 1850 1668 1898 fuga

197 1917 357 1954 salutem
391 1920 585 1963 peterent,
623 1917 831 1962 propterea
869 1915 971 1952 cives
1000 1914 1171 1962 proditos
1199 1925 1238 1952 se
1269 1925 1349 1952 esse
1378 1914 1554 1952 arbitrati
1582 1925 1668 1952 eum

198 1981 431 2020 occiderunt.
470 1979 546 2018 Sed
573 1981 670 2017 hanc
699 1979 993 2027 explicationem
1023 1979 1196 2027 equidem
1227 1990 1300 2017 non
1327 1980 1461 2028 probo.
1499 1979 1669 2017 Primum

199 2046 299 2084 enim
326 2046 549 2083 Licinianus
577 2045 669 2082 mihi
699 2045 848 2083 videtur
884 2045 1077 2092 indignus,
1122 2045 1183 2092 qui
1225 2048 1358 2082 tantae
1401 2044 1670 2092 neglegentiae

197 2111 452 2156 insimuletur,
495 2114 576 2148 tum
618 2110 698 2155 hic,
743 2111 773 2148 si
809 2111 1041 2158 proscriptos
1077 2110 1221 2147 diceret
1257 2109 1304 2147 ab
1333 2109 1427 2147 duce
1457 2120 1503 2147 ex
1532 2109 1671 2157 oppido

199 2188 280 2215 esse
310 2176 498 2223 dimiss0S,
529 2186 650 2223 aeque
679 2186 724 2214 ac
752 2186 868 2223 supra
897 2175 1118 2214 dissentiret
1147 2186 1169 2213 a
1197 2173 1396 2213 Strabone.

305 2241 426 2280 Facta
456 2244 512 2279 est
541 2241 682 2279 deditio
713 2240 1070 2286 Volaterranorum,
1101 2244 1144 2277 ut
1172 2239 1349 2278 discimus
1378 2251 1424 2277 ex
1452 2240 1668 2283 Liciniano,

199 2306 358 2345 Claudio
402 2311 440 2345 et
481 2306 643 2345 Servilio
687 2317 779 2344 coss.
825 2306 848 2343 i.
880 2317 910 2344 e.
942 2317 974 2343 a.
1007 2305 1082 2342 675
1119 2304 1215 2354 (79).
1270 2304 1354 2342 Iam
1383 2308 1498 2342 antea
1540 2308 1669 2342 notum

199 2372 307 2411 nobis
337 2377 421 2410 erat
440 2372 672 2410 obsidionem
694 2371 822 2419 oppidi
851 2371 919 2408 sub
947 2370 1059 2408 finem
1080 2381 1113 2407 a.
1136 2370 1211 2408 673
1233 2369 1316 2418 (81)
1336 2369 1559 2407 inchoatam
1588 2380 1670 2408 esse

199 2437 297 2488 (oie.
326 2449 395 2485 pro
424 2437 538 2476 Rosc.
567 2438 694 2474 Amer.
727 2439 761 2481 7,
783 2437 852 2481 203
883 2435 943 2479 37,
967 2435 1057 2483 105)
1104 2438 1143 2472 et
1184 2445 1252 2482 per
1295 2434 1387 2472 duos
1431 2445 1548 2471 annos
1583 2445 1669 2471 con-

199 2503 384 2541 tinuatam
405 2501 559 2552 (Strabo
579 2501 604 2539 l.
627 2502 689 2551 c.).
739 2501 910 2538 Antehac
929 2499 1066 2538 Nolam
1079 2499 1109 2548 ²)
1136 2509 1283 2546 quoque
1303 2509 1384 2536 esse
1414 2502 1670 2547 expugnatam

201 2579 462 2616 comperimus.

296 2658 322 2702 ι)
373 2655 505 2692 Strabo
531 2655 573 2701 V,
592 2656 625 2700 2,
651 2656 689 2690 6:
709 2653 853 2687 ἐνταῦθα
883 2653 1083 2698 συνέστησαν
1110 2650 1193 2690 τινὲς
1220 2654 1286 2684 τῶν
1314 2650 1498 2697 Τυρρηνῶν
1525 2648 1578 2685 καὶ
1603 2653 1669 2682 τῶν

203 2715 501 2764 προγεγραμμένων
521 2711 580 2748 ὑπὸ
600 2713 735 2761 Σύλλᾳ.
763 2712 1006 2759 πληρώσαντες
1026 2708 1060 2744 δὲ
1080 2711 1221 2755 τέτταρα
1240 2709 1388 2757 τάγμα-,α
1405 2711 1559 2756 στρατιᾶς
1579 2708 1669 2754 διετῆ

201 2775 321 2823 χρόνον
349 2773 653 2821 ἐπολιορκήθησαν,
680 2768 743 2807 εἶθ’
772 2770 969 2806 ὑπόσπονδοι
995 2769 1241 2816 πσρεχώρησαν
1268 2771 1324 2802 τοῦ
1350 2768 1463 2803 τόπου.

296 2835 323 2881 ²)
349 2834 441 2871 Edd.
482 2834 598 2870 Bonn.
636 2832 748 2868 verba
785 2831 870 2866 ‘iam
912 2831 997 2865 ante
1040 2839 1136 2865 anno
1177 2827 1377 2874 superiore'
1420 2826 1671 2903 epitomatoris

1418 2882 1437 2915 6
