2066 3448
728 388 1017 430 -15-

243 514 290 552 In
333 515 404 552 hoc
445 515 662 562 fragmento
692 515 782 553 libri
809 514 1000 559 XXVIII,
1044 515 1090 552 de
1119 526 1192 562 quo
1222 515 1385 563 primum
1413 516 1522 554 nobis
1550 521 1610 553 est

137 579 347 627 agendum,
400 579 513 617 facile
560 591 765 628 cognosces
813 591 1024 618 sermonem
1082 591 1164 617 esse
1220 580 1265 617 de
1312 580 1504 619 Antiocho
1549 581 1605 618 IV

137 644 352 693 Epiphane,
382 645 488 682 cuius
515 645 701 692 regnandi
729 645 880 683 initium
911 649 951 683 et
980 646 1176 683 consilium
1208 656 1291 683 cum
1310 646 1496 685 Romanis
1514 646 1606 683 belli

134 710 296 757 gerendi
323 714 458 757 postea
488 711 678 748 abiectum
707 710 829 757 primo
859 710 1040 747 discimus
1070 711 1288 750 enuntiato:
1334 711 1440 749 euius
1469 712 1508 749 in
1535 711 1608 748 fine

136 772 274 812 desunt
300 775 487 821 quaedam
514 776 643 822 verba,
676 785 772 822 quae
800 775 977 812 Meineke
1021 775 1248 823 (,‚Arch'aol.
1279 776 1471 823 Zeitung“
1505 777 1605 814 1857

133 849 169 877 n.
204 839 294 878 106.
327 840 402 877 107
431 852 471 888 p.
503 841 594 889 103)
623 840 738 877 fuisse
767 844 896 877 censet
927 838 1132 887 ‘Oso[goae
1161 841 1280 889 Ioins
1309 843 1437 885 sorte',
1473 842 1529 878 ita
1562 846 1606 878 ut

129 903 167 953 si
207 907 314 941 recte
355 905 635 952 supplerentur,
679 903 768 945 Ζεὺς
793 903 954 952 Ὃσογώς
996 905 1057 942 vel
1080 903 1261 953 Ὀσογῶα,
1302 905 1394 943 deus
1437 905 1606 950 Caricus‚

134 968 336 1006 diceretur.
349 969 378 1017 ¹)
435 968 511 1007 Sed
554 970 724 1016 quamvis
763 969 903 1006 similia
931 969 1007 1006 sint
1034 969 1130 1006 haec
1158 972 1277 1007 verba
1306 971 1477 1018 vestigiis
1504 971 1607 1009 litte-

136 1044 279 1081 rarum,
311 1038 438 1071 tamen
457 1045 530 1072 non
551 1034 850 1072 obliviscendum
872 1038 930 1071 est
947 1034 987 1070 in
1008 1038 1116 1071 texta
1135 1034 1280 1072 Pertzii
1299 1036 1498 1074 minores
1527 1037 1551 1074 i.
1574 1048 1605 1074 e.

132 1100 299 1137 incertas
339 1100 411 1137 hoc
451 1100 535 1138 loco
577 1100 730 1137 litteras
775 1103 939 1137 exstare.
995 1099 1116 1136 Multo
1145 1101 1268 1146 magis
1305 1102 1424 1147 probo
1454 1102 1604 1149 supple-

133 1171 300 1204 mentum
343 1179 366 1204 a
393 1167 520 1205 Keilio
549 1167 804 1215 propositum:
866 1167 1144 1215 ‘[Macedo]uis’
1187 1167 1250 1205 vel
1279 1167 1442 1216 ‘[Persei
1483 1167 1606 1216 reg]is

133 1233 262 1270 sorte'.
316 1232 417 1270 Nam
463 1243 687 1279 quamquam
716 1232 932 1269 Antiochus
967 1232 1134 1269 traditur
1162 1233 1253 1269 belli
1283 1233 1384 1269 inter
1411 1232 1606 1270 Romanos

133 1300 172 1334 et
189 1295 373 1335 Perseum
387 1298 489 1344 gesti
517 1297 710 1345 particeps
738 1309 812 1335 non
842 1297 972 1344 fuisse,
1003 1297 1068 1335 sed
1089 1298 1160 1334 hac
1189 1298 1387 1335 occasione
1415 1308 1503 1335 usus
1526 1308 1606 1334 esse

133 1359 266 1399 Coeles
285 1360 419 1410 Syriae
440 1366 479 1400 et
497 1362 743 1400 Palaestinae
768 1362 1066 1410 recuperandae,
1079 1362 1110 1410 ²)
1139 1366 1265 1400 tamen
1286 1373 1360 1400 non
1380 1362 1603 1399 incredibile

132 1429 190 1462 est
237 1437 320 1464 eum
349 1427 389 1464 in
431 1427 555 1464 animo
584 1427 774 1470 habuisse,
818 1428 849 1464 si
877 1427 1044 1465 Perseus
1086 1427 1256 1465 victurus
1285 1432 1397 1473 esset,
1446 1427 1605 1475 ‘postea’

132 1500 208 1528 una
237 1502 321 1528 cum
351 1503 394 1530 eo
425 1492 619 1530 Romanos
647 1492 747 1529 bello
777 1493 955 1540 persequi
985 1513 1035 1519 —-
1064 1492 1118 1530 sic
1147 1492 1248 1529 enim
1276 1494 1392 1530 verba
1410 1492 1606 1530 Liciniani

131 1555 422 1603 interpretanda
457 1568 539 1595 esse
553 1560 646 1605 puto
664 1579 713 1584 -
728 1557 958 1605 praesertim
980 1568 1063 1594 cum
1084 1568 1168 1594 eum
1190 1558 1305 1594 etiam
1326 1557 1604 1604 posterioribus

130 1621 366 1669 temporibus
396 1622 493 1660 clam
523 1633 608 1660 cum
635 1621 807 1660 Eumene
836 1625 971 1660 contra
991 1623 1182 1660 Romanos
1212 1622 1370 1660 consilia
1399 1622 1604 1659 communi-

131 1696 236 1724 casse
263 1686 449 1735 Polybius
491 1686 662 1737 (XXXI,
693 1688 716 1724 5
748 1692 787 1725 et
816 1688 858 1736 6)
903 1692 941 1725 et
968 1687 1102 1725 Livius
1132 1687 1226 1736 (per.
1258 1687 1324 1735 46)
1368 1688 1444 1725 sint
1472 1690 1601 1725 testes.

235 1750 418 1799 Sequitur
447 1750 632 1790 Antiochi
661 1753 766 1799 regis
795 1763 942 1790 morum
971 1752 1175 1799 descriptio
1205 1753 1330 1790 brevis
1359 1753 1426 1790 illa
1456 1753 1604 1799 quidem

129 1820 167 1855 et
207 1828 282 1863 qua
324 1821 531 1855 extraneae
574 1821 722 1855 tantum
765 1829 825 1856 res
855 1818 901 1856 de
931 1829 974 1855 eo
1005 1818 1227 1855 afferantur.
1285 1818 1456 1865 Longius
1489 1821 1602 1863 atque

129 1883 344 1920 accuratius
385 1883 487 1921 illius
529 1894 652 1921 mores
697 1883 915 1921 describunt
941 1883 1124 1932 Polybius
1167 1884 1207 1920 in
1249 1883 1476 1930 fragmentis
1517 1883 1602 1920 libr.

127 1947 269 1987 XXVI
310 1952 348 1985 et
389 1948 531 1986 XXXI
573 1948 676 1997 apud
719 1948 963 1986 Athenaeum
993 1948 1030 1987 V
1058 1960 1093 1996 p.
1127 1949 1201 1986 193
1231 1959 1284 1995 sq.
1330 1952 1367 1986 et
1396 1949 1432 1986 X
1459 1960 1496 1995 p.
1526 1949 1602 1985 439

128 2014 292 2051 servatis
320 2018 360 2051 et
386 2014 578 2052 Diodorus
609 2014 757 2059 XXIX,
789 2015 838 2052 32
869 2018 908 2052 et
935 2013 1090 2060 XXXI,
1125 2015 1172 2052 16
1203 2013 1280 2062 (ed.
1311 2013 1507 2061 Dindorf),
1539 2014 1603 2060 qui

128 2079 209 2116 sine
238 2079 351 2117 dubio
379 2079 487 2117 illum
517 2083 668 2117 secutus
699 2080 814 2128 est.³)
874 2078 936 2116 Ac
965 2079 1151 2126 Polybius
1194 2078 1342 2125 quidem
1373 2090 1455 2116 cum
1485 2079 1603 2116 multa

127 2143 205 2181 alia
230 2147 312 2181 tum
344 2155 407 2182 res
436 2155 459 2181 a
488 2143 633 2182 Granio
662 2145 827 2182 traditas
857 2145 985 2181 affert:

900 2246 1058 2292 Polyb.
1089 2244 1235 2289 XXVI,
1270 2247 1285 2282 1
1321 2244 1398 2294 (ed.
1421 2243 1602 2293 Hultsch)

953 2311 990 2349 4.
1012 2310 1071 2348 ὅτε
1091 2309 1129 2347 δὲ
1149 2313 1220 2348 τῶν
1240 2310 1426 2358 νεωτέρων
1447 2309 1603 2347 αἴσθοιτό

434 2246 516 2284 Lic.

185 2309 223 2358 1)
277 2310 429 2358 epulis
472 2311 702 2349 comisans
758 2311 827 2348 in-

122 2368 379 2414 'tervenire.

899 2391 994 2416 τινας
1031 2375 1466 2425 συνευωχουμένους,
1503 2373 1602 2411 οὐδε-

902 2440 984 2489 μίαν
1007 2441 1156 2490 ἔμφασιν
1180 2440 1328 2489 ποιήσας
1347 2455 1401 2477 πα
1411 2443 1485 2490 ρῆν
1516 2439 1603 2476 ἐπι-

901 2521 961 2543 κω
972 2520 998 2554 μ
1009 2505 1030 2542 οἱ
1041 2508 1094 2548 ξω
1104 2521 1121 2541 ν
1142 2506 1233 2554 μετὰ
1248 2504 1413 2555 κερατίου
1434 2504 1493 2542 καὶ
1513 2519 1603 2552 cop.-

863 2609 864 2615 ,
901 2570 1050 2620 cmv-1013,
1081 2582 1239 2617 quocum
1259 2581 1525 2616 nonnunquam
1555 2569 1603 2606 ad

862 2619 865 2668 J
899 2637 1056 2673 verbum
1065 2634 1529 2677 consentitDiod.XXIX,
1539 2634 1600 2671 32.

222 2744 250 2788 1)
275 2743 572 2780 Preller—Robert
599 2744 767 2788 „Griech.
797 2745 1042 2791 Mythologie“
1083 2746 1116 2781 I4
1141 2746 1263 2791 (1894)
1302 2758 1337 2792 p.
1364 2747 1433 2782 580
1458 2745 1542 2781 adn.
1569 2747 1601 2780 2.

223 2803 249 2848 ²)
276 2802 407 2838 Flathe
449 2802 600 2846 „Gesch
627 2803 886 2840 Macedonicus
926 2817 961 2839 U.
989 2805 1054 2840 der
1079 2804 1228 2850 Reiche,
1267 2805 1326 2840 die
1364 2815 1436 2840 von
1460 2803 1599 2845 maced,
