2066 3448
738 410 1029 451 -69-

144 535 207 574 aaz
249 546 371 574 mare
420 536 726 583 deducerent,
787 541 844 575 at-

148 600 288 650 [q(ue)]
315 601 412 651 itast)
443 606 665 640 evaserat.

918 541 1024 575 ratu
1033 549 1050 576 s
1061 568 1069 581 ‚
1114 567 1280 576 .....
1312 549 1334 575 a
1375 537 1619 577 multitudine

919 613 1014 649 quae
1044 602 1093 639 ad
1112 614 1220 650 opem
1239 602 1298 640 illi
1317 602 1514 641 ferendum
1531 614 1619 641 con-

880 644 885 690 ,
919 666 1084 704 fluxerat
1096 697 1104 709 ‚
1152 668 1435 715 impetravit
1476 672 1524 705 ut
1565 669 1620 706 ad

918 743 1043 770 mare
1070 732 1426 780 perduceretur,
1455 744 1500 770 ac
1529 744 1619 780 pro-

918 797 1020 834 tinus
1035 797 1249 835 naviculam
1265 798 1484 835 conscendit
1499 809 1618 845 eaque

918 862 955 898 in
966 860 1140 899 Africam
1156 866 1360 909 pervectus
1375 874 1482 900 arma
1490 861 1618 902 Sullae

917 926 1095 964 victricia
1124 938 1143 964 e
1151 927 1220 965 ffu
1228 927 1310 974 git.

249 1005 326 1044 Ubi
365 1005 448 1044 Lic.
496 1006 690 1055 discrepat
726 1018 750 1044 a
779 1007 938 1046 Valerio
967 1009 1134 1048 Maximo
1170 1014 1208 1048 et
1236 1010 1453 1056 Plutarcho,
1496 1012 1619 1060 ipsum

149 1071 355 1109 mutavisse
386 1075 598 1109 statuemus
608 1071 657 1121 ²):
687 1072 767 1120 ipse
787 1073 1024 1117 miraculum,
1054 1081 1098 1112 ut
1116 1076 1238 1123 priori
1258 1077 1473 1114 narrationi
1492 1081 1622 1124 posset

147 1139 365 1183 annectere,
405 1137 600 1174 coniunxit
628 1148 710 1174 cum
741 1149 851 1175 servo
880 1139 947 1176 illo
976 1140 1154 1179 barbaro.
1209 1140 1270 1178 De
1299 1144 1383 1178 tota
1411 1142 1530 1188 igitur
1548 1142 1620 1180 hac

146 1201 341 1248 particula
374 1212 451 1239 non
480 1201 597 1239 aliter
623 1202 872 1240 indicaverim
904 1215 947 1241 ac
977 1204 1022 1241 de
1042 1205 1208 1242 fratrum
1228 1207 1448 1248 certamine,
1480 1206 1526 1244 de
1547 1217 1620 1254 quo

144 1276 181 1313 p.
213 1266 263 1303 60
291 1276 347 1313 sq.
377 1267 543 1314 exposui.
616 1266 790 1305 Concedo
820 1279 911 1306 sane
939 1269 1038 1306 hunc
1068 1270 1193 1308 locum
1223 1281 1299 1308 non
1328 1271 1506 1308 idoneum
1526 1282 1619 1316 esse,

145 1341 220 1377 quo
256 1331 517 1369 coniecturam
552 1342 673 1368 meam
703 1333 843 1370 iustam
872 1345 954 1371 esse
984 1338 1116 1372 certo
1147 1335 1484 1373 demonstraretur.
1542 1335 1620 1374 Sed

146 1396 327 1434 miremur
366 1407 521 1434 necesse
563 1400 622 1434 est
663 1397 906 1435 Licinianum
924 1429 932 1442 ,
978 1400 1041 1445 qui
1069 1399 1308 1446 insequentia
1336 1401 1622 1438 accuratissime

146 1464 292 1506 narrat,
337 1461 463 1498 omnia
504 1463 729 1508 praeterire.
774 1473 870 1509 quae
911 1464 1012 1501 inter
1051 1463 1193 1502 Cinnae
1225 1465 1484 1510 expulsionem
1511 1465 1621 1503 initio

146 1524 354 1573 fragmenti
404 1531 738 1565 commemoratam
781 1530 819 1565 et
869 1529 987 1566 Marii
1029 1529 1193 1567 reditum
1240 1530 1461 1568 acciderunt
1506 1530 1620 1579 (App.

148 1602 180 1630 c.
211 1590 259 1628 65
289 1591 378 1640 sq.).
437 1590 545 1639 Quae
587 1603 649 1630 res
692 1592 806 1631 facile
850 1593 1096 1641 intelligitur,
1140 1595 1173 1632 si
1203 1594 1392 1633 Granium
1420 1596 1622 1634 statuimus

148 1656 265 1694 alium
294 1659 382 1705 post
409 1656 525 1695 alium
554 1656 696 1695 fontem
725 1669 804 1696 esse
833 1662 1015 1697 secutum.

257 1721 342 1760 Iam
378 1721 548 1760 breviter
583 1723 857 1767 examinemus,
901 1724 1000 1770 quod
1027 1722 1230 1762 Francken
1266 1724 1319 1773 (p.
1351 1725 1447 1774 242)
1477 1725 1523 1763 de
1551 1725 1624 1763 hoc

148 1786 233 1825 loco
277 1786 518 1825 iudicaverit.
577 1787 929 1835 „Epitomatorem“
975 1788 1216 1826 Licinianum
1251 1793 1380 1827 censet
1407 1791 1480 1827 hoc
1507 1801 1622 1828 unum

149 1851 365 1900 auspicium
407 1852 613 1900 sumpsisse
642 1864 688 1890 ex
718 1856 875 1890 auctore
903 1864 984 1899 suo,
1028 1854 1093 1891 ubi
1122 1854 1250 1891 omnia
1277 1857 1436 1892 narrata
1464 1855 1621 1899 fuerint,

149 1927 244 1964 quae
272 1916 398 1955 Mario
441 1917 650 1955 acciderint
693 1929 740 1955 ex
783 1929 826 1956 eo
870 1921 1045 1965 tempore
1075 1929 1146 1965 quo
1176 1919 1227 1967 (a.
1259 1919 1352 1968 666)
1381 1930 1450 1967 per
1478 1918 1622 1957 Sullam

147 1983 270 2020 Roma
310 1982 490 2030 expulsus
534 1983 596 2020 sit.
653 1981 728 2020 Sed
757 1983 869 2021 valde
898 1984 1125 2021 miraremur
1152 1984 1378 2032 scriptorem
1406 1984 1622 2022 Romanum

147 2050 235 2096 post
267 2047 456 2086 tumultus
486 2047 681 2085 Cinnanos
711 2058 809 2085 anno
841 2048 916 2085 667
946 2048 1031 2096 (87)
1060 2048 1184 2086 factos
1214 2048 1322 2098 (quos
1354 2056 1623 2088 commemorat

147 2112 301 2150 initium
329 2111 552 2162 fragmenti)
582 2112 742 2150 rediisse
765 2113 813 2150 ad
832 2112 949 2150 Marii
970 2124 1132 2151 errores.
1177 2113 1291 2151 Hunc
1311 2114 1481 2151 ordinem
1500 2125 1623 2161 neque

146 2177 282 2216 Livius
315 2181 469 2216 secutus
505 2181 573 2225 est,
611 2188 722 2224 quem
751 2188 798 2215 ex
825 2178 1015 2225 periochis
1046 2178 1307 2224 cognoscimus
1339 2178 1473 2225 fugam
1501 2178 1619 2217 Marii

147 2242 271 2281 medio
305 2242 394 2281 libr.
424 2242 487 2289 77,
517 2241 678 2280 Cinnam
709 2243 907 2290 expulsum
937 2243 997 2279 79.
1029 2243 1178 2280 demum
1212 2243 1310 2281 libro
1346 2244 1576 2290 narravisse,
1590 2244 1620 2294 3)

147 2318 270 2356 neque
316 2307 550 2345 Plutarchus
597 2317 720 2354 neque
769 2307 983 2354 Appianus.
1065 2307 1139 2345 Sed
1190 2319 1374 2355 ponamus
1427 2308 1623 2356 paulisper

148 2372 431 2411 Franckenium
460 2375 566 2410 recte
595 2372 794 2410 iudicasse.
837 2371 974 2410 Nonne
1002 2372 1139 2409 mirum
1168 2376 1267 2410 esset
1286 2371 1483 2417 Granium,
1512 2372 1622 2410 fabu-

147 2437 271 2475 larum
299 2440 342 2474 ut
368 2437 532 2476 vidimus
561 2438 872 2481 amantissimum,
901 2437 1075 2475 hocloco
1096 2437 1190 2474 nihil
1210 2437 1427 2475 accuratius
1443 2448 1621 2475 narrasse

149 2502 197 2540 de
226 2502 415 2541 Cimbrico
443 2502 505 2541 vel
523 2501 669 2540 Celtico
699 2512 822 2547 servo,
852 2502 915 2548 qui
938 2501 1103 2539 Marium
1122 2502 1338 2540 interficere
1365 2502 1489 2540 iussus
1509 2504 1622 2540 erat‘?

245 2636 274 2683 ι)
298 2636 422 2682 ‘atque
446 2635 509 2671 ita‘
534 2636 623 2671 rest.
648 2635 746 2681 Keil,
769 2635 825 2671 ‘ac
848 2634 921 2670 vix'
946 2634 1062 2670 Bonn.

245 2696 273 2741 2)
298 2695 443 2742 Wijnne
462 2695 610 2741 quidem
628 2694 738 2739 (Phil.
756 2695 821 2730 XV
839 2705 876 2740 p.
893 2694 978 2737 358)
993 2693 1259 2739 discrepantias
1273 2694 1380 2740 putat
1393 2704 1475 2729 esse
1488 2695 1622 2740 tantas,

149 2756 192 2791 ut
215 2754 292 2791 Lic.
320 2766 365 2791 ex
389 2754 581 2791 Plutarchi
607 2755 643 2790 et
667 2754 747 2789 Val.
771 2753 922 2790 Maximi
947 2752 1108 2788 fontibus
1135 2764 1209 2789 non
1233 2753 1353 2799 possit
1378 2753 1558 2790 hausisse.

245 2814 275 2859 ³)
298 2813 398 2850 Libr.
424 2815 469 2850 78
495 2814 617 2859 agitur
641 2812 686 2849 de
712 2812 801 2849 belli
826 2811 1074 2848 Mithradatici
1099 2811 1229 2849 initiis.
