2066 3448
741 385 1029 426 -39-

160 512 376 559 discrepare
417 511 602 558 arbitror,
649 511 847 549 dummodo
889 512 992 549 illius
1026 510 1254 548 sententiam
1282 512 1387 547 recte
1414 508 1612 556 percipias.

159 576 256 615 Nam
284 576 400 614 verba
428 576 652 624 ‘derepente'
684 580 723 614 et
749 578 833 614 ‘non
854 574 1135 623 apparuerunt'‚
1165 585 1261 621 quae
1280 574 1401 621 primo
1422 574 1616 611 oculorum

159 642 294 679 obtutu
323 641 423 678 inter
450 652 490 679 se
517 651 685 688 pugnare
714 640 899 687 videntur,
930 640 987 677 ita
1014 639 1304 686 interpretanda
1331 641 1430 682 sunt,
1459 641 1502 674 ut
1531 648 1615 684 ger-

159 706 305 744 manice
333 710 478 744 vertas:
514 705 612 749 „und
639 705 817 753 plotzlich
845 716 976 742 waren
1005 705 1060 741 sie
1080 703 1298 750 nirgendwo
1320 703 1427 741 mehr
1449 702 1617 739 sichtbar

159 771 184 809 i.
213 781 245 808 e.
275 771 330 808 sie
357 770 648 809 verschwanden
676 770 890 817 plotzlich.“

265 834 398 881 Magni
439 835 618 872 momenti
658 834 706 872 ad
748 834 940 871 Liciniani
980 833 1166 871 rationem
1208 832 1389 870 historias
1429 830 1618 869 scribendi

160 899 457 947 cognoscendam
485 903 573 936 sunt
599 899 716 936 verba
744 899 816 936 col.
837 898 871 935 B
893 899 917 934 4
946 908 1025 944 sqq.
1068 896 1150 934 ι(111.
1179 897 1358 934 Manilius
1386 897 1433 934 ob
1463 895 1618 933 eandem

159 966 309 1002 causam
353 975 464 1010 quam
506 967 544 1001 et
585 962 725 1010 Caepio
762 963 807 1000 L.
838 961 1033 999 Saturnini
1059 962 1260 1006 rogatione
1290 972 1310 998 e
1339 961 1494 998 civitate
1523 960 1618 1008 [ple-

158 1029 312 1078 bis]cit0
355 1029 521 1066 eiectus'.
569 1027 823 1074 Neglegamus
865 1037 962 1063 nunc
991 1037 1104 1064 uncos
1133 1027 1179 1063 ab
1209 1025 1292 1064 edd.
1323 1025 1447 1063 Bonn.
1476 1025 1619 1072 positos

161 1097 201 1131 et
242 1093 523 1131 consideremus
564 1092 770 1138 diligenter
818 1091 900 1138 ipsa
941 1092 1058 1128 verba
1100 1089 1309 1128 Graniana.
1379 1090 1476 1127 Tum
1517 1090 1620 1127 clare

159 1158 401 1205 cognoscitur
428 1158 503 1195 iam
532 1157 637 1204 prius
666 1156 711 1194 de
740 1155 940 1203 Caepionis
969 1159 1072 1193 sorte
1101 1155 1312 1202 expositum
1346 1153 1472 1192 fuisse.
1519 1154 1618 1192 Nam

160 1223 277 1260 verba
305 1225 429 1269 ‘quam
458 1225 497 1259 et
523 1221 675 1268 Caepio'
705 1220 966 1258 tantummodo
995 1219 1195 1257 referenda
1222 1222 1310 1256 sunt
1338 1218 1384 1256 ad
1414 1219 1531 1256 verba
1560 1219 1619 1256 ‘ob

159 1287 317 1325 eandem
359 1288 537 1331 causam'‚
580 1297 674 1332 quae
715 1297 784 1333 per
824 1297 864 1323 se
906 1285 1050 1322 nullum
1092 1295 1240 1322 sensum
1268 1284 1460 1330 praebent.
1517 1283 1620 1329 Quae

160 1363 277 1390 causa
304 1352 432 1394 fuerit,
459 1351 535 1388 iam
565 1355 677 1388 antea
706 1350 935 1397 explicatum
954 1349 1068 1387 fuisse
1090 1348 1316 1387 censendum
1336 1351 1405 1386 est.
1453 1347 1619 1385 Accedit

160 1416 260 1463 quod
287 1416 320 1453 si
348 1427 422 1453 non
450 1415 508 1452 ita
535 1415 683 1459 fuisset,
714 1414 854 1461 Caepio
883 1418 926 1451 ut
953 1413 1129 1460 graviore
1149 1413 1260 1460 culpa
1279 1413 1497 1459 inquinatus
1517 1418 1620 1450 certe

161 1481 373 1528 appellatus
403 1483 502 1518 esset
529 1481 658 1527 priore
698 1481 792 1517 loeo.
846 1478 1044 1515 Postremo
1073 1479 1190 1516 verba
1220 1478 1252 1514 ‘e
1282 1477 1438 1514 civitate
1467 1478 1619 1514 eiectus·

159 1548 338 1584 accurate
379 1544 552 1590 intellegi
593 1555 666 1582 non
708 1547 867 1591 possunt
895 1543 941 1580 de
970 1542 1172 1590 Caepione,
1202 1542 1266 1588 qui
1294 1542 1327 1579 si
1356 1545 1495 1586 cetera,
1525 1552 1621 1588 quae

160 1610 206 1648 de
235 1610 340 1648 exitu
368 1610 448 1647 eius
477 1609 692 1653 traduntur,
722 1619 794 1645 non
824 1607 1042 1653 omittimus,
1073 1607 1209 1654 capitis
1229 1606 1428 1643 damnatus
1449 1609 1517 1652 est,
1546 1618 1622 1644 11011

160 1675 273 1712 exilio
314 1673 544 1721 multatuS.1)
605 1673 746 1720 Effugit
787 1672 937 1719 quidem
980 1672 1187 1710 custodiam
1223 1683 1245 1708 a
1278 1671 1431 1708 tribuno
1467 1670 1621 1708 adiutus

161 1740 261 1789 (Val.
290 1739 391 1776 Max.
422 1738 491 1784 IV,
522 1738 556 1784 7,
587 1738 640 1787 3),
682 1739 747 1776 sed
787 1738 859 1775 1133
898 1748 940 1775 re
974 1738 1092 1775 verba
1120 1738 1152 1774 ‘e
1181 1737 1335 1774 civitate
1364 1736 1516 1773 eiectus'
1547 1746 1622 1774 11011

160 1804 254 1842 satis
282 1804 545 1850 explanantur.

266 1868 403 1915 Itaque
431 1867 705 1905 Mommsenum
733 1867 799 1916 (R.
821 1866 868 1905 Gr.
889 1866 933 1904 Π
960 1878 996 1914 p.
1030 1867 1103 1904 179
1133 1866 1249 1914 adn),
1280 1865 1344 1913 qui
1373 1865 1497 1902 omnia
1525 1875 1622 1911 quae

162 1934 265 1982 apud
293 1934 500 1980 scriptores
520 1933 566 1969 de
586 1932 777 1979 Caepione
797 1932 974 1969 damnato
995 1931 1165 1979 dispersa
1184 1934 1272 1968 sunt
1291 1930 1453 1977 collegit,
1482 1929 1623 1968 iniuria

161 1999 291 2038 verbis
320 2008 467 2045 quoque
497 1997 702 2035 Granianis
729 1997 786 2034 uti
814 2001 904 2044 puto
935 2000 973 2034 et
1000 1996 1236 2043 rogationem
1256 1994 1453 2032 Saturnini
1481 1994 1528 2031 ab
1557 1993 1622 2030 illo

162 2066 493 2102 commemoratam
521 2062 678 2100 eandem
707 2061 887 2099 arbitrari
915 2065 1029 2108 atque
1058 2061 1179 2107 legem
1208 2060 1254 2098 de
1281 2060 1477 2096 imminuta
1505 2058 1622 2095 111313-

162 2133 262 2166 state
303 2128 436 2176 populi
476 2126 639 2165 Romani
667 2137 691 2164 a
718 2126 921 2164 Saturnino
964 2125 1113 2163 tribuno
1149 2124 1199 2174 pl.
1231 2136 1264 2161 a.
1295 2124 1367 2161 651
1399 2122 1512 2172 (103)
1539 2133 1624 2169 per-

160 2194 290 2231 latam.
339 2191 458 2239 Apud
491 2190 712 2229 Ciceronem
739 2194 866 2228 autem
894 2189 1150 2237 compluribus
1173 2189 1268 2226 locis
1287 2187 1349 2237 (de
1369 2190 1467 2226 orat.
1487 2187 1540 2232 II,
1561 2187 1624 2231 40.

166 2259 255 2303 1673
287 2258 349 2304 48,
384 2257 475 2299 1992
510 2267 564 2294 or.
586 2260 685 2303 part.
708 2256 768 2301 30,
802 2256 874 2293 105
905 2256 998 2304 etc.)
1028 2253 1070 2292 C.
1099 2254 1342 2293 Norbanus
1371 2252 1546 2290 tribunus
1573 2252 1623 2299 pl.

161 2323 330 2360 traditur
370 2321 590 2369 perfecisse,
619 2325 662 2359 ut
689 2319 832 2369 Caepio
862 2319 1190 2363 condemnaretur,
1219 2321 1258 2355 et
1286 2318 1333 2355 ob
1363 2328 1446 2354 eam
1474 2327 1626 2354 causam

163 2400 197 2427 a.
226 2388 302 2426 659
333 2387 416 2436 (95)
446 2390 646 2425 accusatus
674 2397 768 2424 esse.
823 2384 931 2431 Quod
958 2383 1213 2422 testimonium
1240 2383 1451 2420 Mommsen
1478 2381 1535 2418 ita
1563 2391 1626 2418 ex—

161 2452 292 2500 plicat,
339 2456 383 2489 ut
409 2452 515 2499 leges
543 2451 764 2499 plerumque
793 2461 816 2487 a
844 2449 1158 2496 compluribus
1185 2447 1349 2484 tribunis
1377 2446 1499 2494 plebis
1526 2446 1627 2483 latas

163 2528 244 2555 esse
285 2517 449 2562 iudicet3
479 2527 561 2554 cum
605 2519 730 2553 autem
772 2514 1003 2552 Saturninus
1044 2513 1121 2550 iam
1151 2512 1196 2549 de
1220 2512 1302 2550 vita
1329 2511 1555 2549 decessisset
1581 2521 1625 2547 eo

162 2586 333 2629 tempore
373 2592 448 2628 quo
490 2581 693 2628 optimates
722 2579 841 2618 ulturi
869 2582 1006 2621 essent,
1050 2577 1274 2623 collegam
1302 2576 1383 2613 eius
1412 2586 1493 2613 esse
1521 2575 1627 2612 dam-

162 2650 305 2685 natum.
361 2646 435 2684 Sed
477 2645 640 2692 primum
680 2645 713 2683 si
752 2655 794 2682 re
835 2654 927 2683 vera
954 2641 1180 2681 Saturninus
1223 2651 1299 2679 una
1334 2651 1419 2678 cum
1446 2639 1627 2679 Norbano

260 2782 288 2826 ¹)
315 2780 367 2817 cf.
394 2780 588 2816 Neumann
612 2779 637 2815 l.
663 2791 692 2815 c.
719 2778 735 2814 I
761 2789 795 2824 p.
821 2779 890 2813 412
915 2787 973 2822 sq.
