2066 3448
946 422 1234 463 -72..

942 980 1144 1026 CAPUT
1183 981 1259 1025 IV.

756 1090 837 1140 De
874 1090 1007 1140 bello
1045 1090 1428 1141 MithradaticO.

461 1193 546 1232 Hoc
574 1195 708 1234 ultimo
730 1196 854 1244 capite
884 1196 1158 1244 disputabimus
1187 1196 1233 1234 de
1262 1207 1307 1234 eo
1327 1196 1555 1244 fragmento,
1586 1198 1686 1244 quod
1706 1202 1764 1236 est
1783 1199 1829 1237 de

356 1259 478 1307 primo
519 1260 621 1298 bello
650 1259 920 1299 Mithradatico
965 1262 1048 1310 (fol.
1078 1261 1135 1299 VI
1164 1273 1183 1299 r
1211 1266 1249 1299 et
1276 1261 1322 1300 ΙΙ
1349 1273 1380 1307 r,
1414 1262 1472 1300 ed.
1504 1262 1626 1302 Bonn.
1655 1274 1692 1310 p.
1724 1264 1826 1301 32—

358 1324 435 1373 34).
504 1324 788 1372 Investigantes
838 1330 961 1364 autem
1013 1327 1149 1364 horum
1197 1327 1364 1375 capitum
1410 1327 1554 1365 fontem
1600 1328 1828 1375 perpaulum

357 1388 573 1427 efficiemus.
632 1390 749 1436 Quem
784 1391 885 1428 enim
922 1397 1116 1429 auctorem
1144 1395 1298 1430 secutus
1327 1391 1388 1437 sit,
1420 1392 1569 1430 omnino
1600 1404 1674 1430 non
1702 1397 1829 1441 potest

356 1453 440 1492 dici.
483 1454 569 1492 Hoc
595 1457 743 1492 tantum
771 1466 841 1503 pro
871 1459 975 1494 certo
1004 1467 1198 1504 possumus
1219 1456 1447 1494 contendere
1467 1457 1595 1494 Livii
1614 1469 1685 1496 nec
1706 1459 1828 1497 volam

355 1529 425 1557 nec
453 1520 655 1566 vestigium
685 1531 881 1568 apparere.

464 1584 685 1622 Licinianus
715 1585 773 1633 (p.
804 1586 853 1624 32
882 1585 922 1624 A
952 1588 974 1624 9
1003 1586 1077 1634 sq.)
1105 1586 1225 1624 tradit
1252 1587 1524 1625 Mithradatem
1553 1599 1638 1625 cum
1657 1587 1829 1636 Dorylao

357 1649 397 1686 in
425 1648 629 1687 Graeciam
668 1650 814 1688 misisse
845 1651 1134 1698 ‘quinquaginta
1161 1652 1266 1689 milia
1294 1652 1464 1700 peditum
1493 1653 1759 1699 equitumque',
1791 1656 1832 1690 at

356 1713 395 1751 in
423 1713 589 1752 Liviana
617 1716 801 1753 memoria
829 1716 1009 1764 (Eutrop.
1039 1717 1085 1761 V,
1116 1719 1150 1762 6,
1183 1718 1204 1754 3
1234 1721 1274 1754 et
1301 1716 1410 1755 Oros.
1440 1716 1512 1762 VI,
1543 1718 1579 1763 2,
1611 1717 1649 1766 6)
1679 1722 1829 1766 septua-

356 1779 468 1825 ginta
509 1779 579 1826 vel,
625 1780 665 1817 id
706 1781 807 1827 quod
848 1781 1092 1819 verisimilius
1127 1786 1197 1827 est,
1241 1782 1441 1829 octoginta
1469 1782 1576 1819 milia
1604 1788 1828 1821 occurrunt.

356 1843 456 1883 Nam
496 1855 693 1882 numerum
722 1845 835 1883 LXX
863 1847 1060 1894 probabile
1103 1851 1160 1885 est
1194 1847 1235 1885 in
1271 1847 1448 1895 epitome,
1495 1859 1541 1885 ex
1569 1858 1643 1894 qua
1670 1851 1830 1895 uterque

355 1909 509 1947 illorum
535 1910 677 1955 hausit,
706 1909 801 1949 falso
831 1912 1015 1959 scriptum
1035 1912 1151 1951 fuisse
1171 1923 1239 1960 pro
1260 1912 1418 1950 LXXX
1429 1913 1472 1961 1),
1502 1923 1614 1959 quem
1633 1923 1831 1950 numerum

358 1973 499 2012 habent
542 1974 643 2012 Plut.
674 1974 767 2013 Sull.
813 1977 862 2014 20
898 1980 937 2014 et
973 1976 1076 2025 App.
1108 1975 1236 2015 Mithr.
1267 1978 1331 2016 49.
1388 1976 1547 2014 Certum
1577 1977 1676 2014 enim
1705 1980 1763 2015 est
1792 1977 1831 2014 in

358 2038 605 2077 describenda
660 2051 786 2088 pugna
842 2041 943 2089 apud
999 2041 1277 2080 Orchomenum
1335 2041 1532 2079 commissa
1578 2041 1827 2079 Plutarchum

358 2107 397 2142 et
443 2103 679 2152 Appianum,
728 2111 842 2153 atque
888 2107 989 2144 hunc
1036 2106 1185 2154 quidem
1231 2118 1298 2154 per
1345 2105 1581 2153 Strabonem,
1632 2117 1719 2145 usos
1748 2118 1832 2145 esse

361 2168 492 2207 eodem
547 2170 652 2208 fonte
707 2175 822 2218 atque
873 2171 1044 2218 Livium,
1101 2170 1232 2210 Sullae
1286 2172 1435 2210 scilicet
1491 2171 1784 2210 commentariis.
1796 2171 1829 2221 2)

354 2232 417 2272 Ac
444 2245 492 2272 ne
520 2234 604 2281 quis
633 2234 736 2274 dicat
763 2236 956 2275 Liciniani
984 2237 1150 2275 codicem
1178 2238 1250 2276 hoc
1277 2237 1361 2275 loco
1383 2236 1478 2275 adeo
1500 2247 1581 2275 esse
1600 2237 1832 2282 mutilatum,

354 2301 398 2336 ut
426 2298 510 2336 edd.
530 2299 651 2338 Bonn.
681 2301 796 2338 lectio
825 2301 971 2339 minimi
999 2302 1050 2339 sit
1077 2302 1274 2345 momenti;
1303 2301 1385 2348 ipse
1413 2301 1476 2339 hic
1503 2312 1682 2339 numerus
1712 2301 1831 2348 ‘quin-

357 2363 622 2413 q[u]a[ginta]'
654 2366 862 2404 clarissime
898 2370 1026 2414 potest
1055 2367 1243 2413 cognosci.
1286 2366 1360 2405 Sed
1388 2366 1421 2404 si
1450 2366 1533 2413 quis
1552 2366 1768 2404 etiamnunc
1786 2366 1832 2404 de

358 2428 619 2477 discrepantia
657 2430 759 2468 Livii
793 2434 832 2468 et
859 2430 997 2469 Granii
1026 2431 1185 2475 dubitet,
1215 2431 1284 2469 hoc
1313 2441 1441 2469 secum
1470 2431 1673 2469 deliberet:
1720 2430 1831 2470 Oros.

356 2492 423 2540 VI,
456 2493 492 2539 2,
524 2494 557 2532 6.
589 2494 612 2530 7
643 2499 823 2534 accurate
866 2496 971 2542 dicit,
1016 2499 1108 2543 quot
1149 2496 1411 2534 Asiaticorum
1453 2506 1585 2543 pugna
1626 2496 1828 2543 perierint:

357 2558 533 2597 ‘secundo
577 2560 724 2607 proelio
768 2560 810 2610 (i.
855 2572 886 2599 e.
923 2561 1086 2599 secundo
1116 2561 1238 2598 totius
1266 2560 1369 2606 belli,
1399 2560 1529 2609 priore
1558 2560 1659 2608 apud
1688 2560 1833 2599 Orcho-

451 2699 478 2743 ²)
504 2699 554 2736 Ut
579 2700 653 2736 iam
677 2699 791 2737 Klebs
817 2701 840 2736 1.
868 2712 898 2737 c.
924 2712 959 2747 p.
988 2703 1030 2738 36
1058 2701 1224 2738 coniecit.

449 2758 477 2801 ²)
503 2757 612 2795 Peter
639 2759 729 2803 „Die
747 2759 902 2803 Quellen
916 2760 1111 2797 Plutarchs
1130 2762 1220 2796 etc.“
1240 2771 1277 2806 p.
1295 2762 1340 2797 57
1357 2771 1450 2807 sqq.‚
1467 2758 1611 2796 Arnold
1627 2770 1664 2805 p.
1684 2760 1753 2795 140
1765 2769 1834 2806 sq.,

353 2816 487 2853 Busolt
510 2829 544 2863 p.
571 2820 652 2864 430,
680 2819 766 2856 Otto
792 2832 827 2866 p.
856 2821 936 2857 312.
