2066 3448
939 442 1228 483 -84-

451 569 631 616 Sequitur
659 568 830 606 narratio
861 568 906 605 de
927 567 1040 615 Papii
1059 567 1186 604 Mutili
1213 567 1328 613 exitu,
1360 577 1455 613 quae
1483 567 1676 605 invenitur
1705 566 1821 604 etiam

342 634 431 673 Liv.
461 645 543 682 per.
570 635 641 672 89:
689 633 860 671 ‘Mutilus
882 642 984 670 vunus
1020 644 1066 670 ex
1100 632 1324 680 proscriptis
1354 632 1449 669 clam
1481 633 1606 680 capite
1634 631 1821 679 adoperto

346 699 395 737 ad
423 699 590 747 posticas
621 698 732 736 aedes
761 698 921 736 Bastiae
951 698 1079 735 uxoris
1114 708 1197 734 cum
1233 697 1473 743 accessisset,
1518 697 1704 735 admissus
1747 707 1821 733 nou

348 768 418 810 est,
449 764 538 810 quia
565 764 673 801 illum
702 763 960 811 proscriptum
990 760 1152 805 diceret3
1195 762 1323 808 itaque
1365 761 1446 809 ipse
1482 772 1522 799 se
1551 761 1756 799 transfodit
1785 766 1824 798 et

351 829 542 876 sanguine
571 839 637 866 suo
667 829 769 866 fores
796 827 927 866 uxoris
959 826 1163 874 respersit'.
1221 825 1298 864 Sed
1344 826 1389 863 de
1414 825 1608 864 Liciniani
1649 830 1688 864 et
1720 826 1823 864 Livii

327 885 633 931 necessitudine
662 893 837 931 concludi
865 892 953 930 inde
983 892 1076 930 nihil
1106 895 1251 939 potest,
1281 902 1365 929 cum
1395 902 1470 928 non
1498 892 1717 934 verborum,
1756 891 1823 929 sed

344 969 473 996 rerum
489 961 638 996 tantum
655 958 907 1005 congruentia
922 957 972 994 sit
989 961 1102 1004 atque
1117 958 1215 994 hanc
1234 956 1558 994 narratiunculam
1576 957 1823 1002 cogitandum

344 1024 397 1061 sit
426 1035 448 1060 a
475 1024 607 1061 multis
636 1023 888 1070 scriptoribus
916 1023 1123 1060 memoriae
1151 1021 1340 1069 proditam
1371 1032 1463 1060 esse.

450 1088 562 1136 Quod
603 1088 712 1126 modo
755 1088 1004 1126 tractavimus
1046 1087 1260 1134 fragmento
1303 1087 1416 1124 valde
1463 1086 1581 1124 mirus
1628 1090 1687 1123 est
1729 1087 1822 1124 ordo

345 1163 490 1198 rerum,
534 1164 630 1200 quae
672 1157 760 1190 sunt
796 1164 841 1190 ex
870 1152 977 1190 annis
1007 1152 1082 1190 674
1114 1151 1210 1201 (80).
1241 1152 1317 1189 673
1348 1151 1447 1199 (81).
1478 1151 1553 1188 675
1583 1151 1684 1200 (79).
1738 1151 1824 1189 Iam

344 1218 540 1266 perlustra
574 1219 707 1256 horum
749 1228 935 1256 annorum
964 1217 1184 1266 (673—75)
1214 1217 1505 1263 descriptionem
1548 1224 1628 1254 tam
1672 1220 1825 1254 tenuem

346 1287 461 1330 atque
489 1283 627 1321 exilem
656 1294 750 1327 esse,
781 1286 823 1320 ut
853 1293 935 1319 eam
964 1282 1157 1328 integram
1187 1292 1269 1319 esse
1291 1282 1445 1319 credere
1466 1292 1708 1327 nequeamus,
1741 1292 1825 1319 cum

350 1348 473 1385 adhuc
501 1347 744 1385 Licinianum
774 1347 979 1384 viderimus
1023 1346 1282 1393 copiosissime
1323 1357 1385 1384 res
1428 1347 1632 1394 explicare.
1689 1344 1826 1393 Itaque

348 1413 572 1456 censuerim,
602 1420 698 1459 quae
727 1413 798 1450 hoc
826 1411 1042 1458 fragmento
1071 1412 1181 1449 nobis
1206 1412 1425 1456 traduntur,
1455 1411 1647 1449 Liciniani
1677 1411 1826 1450 addita·-

347 1481 474 1515 menta
502 1480 651 1514 tantum
681 1488 761 1515 esse
790 1487 836 1514 ex
857 1476 1083 1514 subsidiario
1113 1477 1218 1514 fonte
1247 1477 1393 1514 hausta.
1450 1476 1503 1514 Et
1531 1480 1620 1513 sunt
1648 1477 1823 1524 vestigia,

348 1554 442 1590 quae
471 1553 539 1579 nos
569 1543 708 1580 ducere
737 1542 917 1579 videntur
947 1542 994 1579 ad
1014 1542 1171 1580 annales
1193 1542 1375 1589 quosdam
1395 1541 1577 1591 (fortasse
1598 1541 1646 1579 ad
1662 1541 1825 1579 vannales

346 1606 590 1645 Fenestellae
619 1607 681 1645 vel
710 1607 877 1653 eosdem,
925 1607 1060 1654 quibus
1090 1606 1312 1644 Fenestella
1354 1617 1444 1644 usus
1487 1605 1603 1655 est?).
1659 1605 1721 1644 De
1755 1606 1826 1644 tali

348 1682 463 1720 opere
492 1672 552 1710 vel
582 1682 626 1709 eo
663 1671 926 1718 admonemur,
970 1672 1072 1718 quod
1106 1672 1258 1719 singula
1301 1672 1501 1709 enuntiata
1542 1672 1734 1719 particula
1764 1670 1827 1709 ‘et'

347 1740 581 1776 asseruntur.
620 1736 732 1774 Licet
762 1747 945 1783 nusquam
973 1737 1011 1774 in
1041 1737 1241 1775 Liciniano
1271 1738 1477 1775 habeamus
1506 1737 1604 1784 quod
1633 1737 1826 1775 sermonis

349 1802 578 1849 elegantiam
608 1802 798 1846 miremur,
828 1805 957 1840 tamen
987 1802 1135 1840 dicendi
1163 1813 1283 1849 genus
1311 1802 1349 1839 in
1379 1802 1451 1840 hoc
1477 1803 1694 1849 fragmento
1714 1813 1825 1840 usur-

347 1870 481 1915 patum
509 1878 533 1905 a
562 1867 700 1905 ceteris
729 1866 870 1905 differt.
926 1866 1093 1905 Accedit
1134 1868 1235 1914 quod
1276 1878 1338 1905 res
1383 1871 1563 1905 narratae
1595 1868 1695 1905 tales
1724 1871 1825 1914 sunt,

349 1933 478 1979 quales
506 1933 553 1970 ab
582 1932 773 1970 annalium
802 1932 1051 1980 scriptoribus
1081 1932 1318 1971 adamentur.
1373 1931 1438 1970 Sic
1467 1933 1583 1970 etiam
1611 1937 1827 1980 temporum

350 1997 520 2035 ordinem
563 2008 646 2035 esse
684 1998 953 2045 'perturbatum
998 1998 1228 2045 explicatur:
1274 1997 1369 2035 Cum
1413 1997 1573 2045 Pompei
1615 1998 1827 2046 triumphus

350 2064 451 2100 esset
479 2066 814 2107 commemoratus,
852 2063 945 2119 'huic
973 2061 1195 2100 Licinianus
1232 2074 1277 2099 ex
1313 2063 1387 2100 alio
1417 2063 1522 2100 fonte
1551 2063 1647 2100 duos
1675 2067 1827 2101 antece-

351 2127 474 2165 dentis
502 2128 592 2165 anni
619 2127 832 2175 triumphos
860 2127 1023 2172 addidit,
1068 2132 1148 2165 tum
1183 2129 1441 2175 proximorum
1471 2139 1654 2165 annorum
1684 2139 1826 2177 paucas

350 2203 412 2230 res
455 2192 635 2230 annexuit
677 2193 849 2239 neglecto
892 2203 999 2239 sane,
1048 2193 1148 2239 quod
1194 2193 1404 2240 principale
1448 2193 1648 2240 scriptoris
1690 2194 1827 2232 vitium

351 2268 500 2305 semper
528 2258 784 2304 cognovimus,
815 2263 1026 2306 temporum
1058 2258 1201 2296 ordine.

458 2323 492 2360 3.
523 2322 594 2360 fol.
627 2323 683 2361 IV
718 2333 738 2359 1·
779 2323 855 2371 (ed.
899 2323 1021 2361 Bonn.
1067 2334 1101 2370 p.
1133 2324 1195 2366 42,
1243 2335 1288 2361 ex
1330 2323 1415 2361 libr.
1452 2323 1652 2372 XXXVI).
1707 2324 1826 2362 Initio

356 2388 467 2425 huius
496 2387 714 2435 fragmenti,
745 2388 844 2435 quod
876 2388 923 2424 ad
951 2399 1091 2425 annum
1112 2388 1186 2425 676
1209 2388 1293 2437 (78)
1313 2389 1493 2435 pertinet,
1523 2388 1688 2436 scriptor
1708 2389 1828 2426 tradit

352 2452 498 2491 Sullam
519 2463 783 2500 corpussuum
804 2453 914 2490 condi
933 2453 1097 2499 iussisse,
1128 2464 1201 2490 non
1231 2454 1414 2499 comburi,
1444 2454 1512 2491 sed
1539 2453 1585 2491 L.
1607 2454 1827 2502 Philippum

355 2599 646 2636 additamentum
671 2600 799 2636 volunt
824 2611 906 2636 esse
932 2600 978 2636 ad
1005 2611 1058 2646 ea,
1084 2611 1179 2646 quae
1205 2600 1250 2636 de
1278 2601 1478 2637 Volaterris
1505 2603 1713 2638 narrantur.
1755 2600 1827 2637 Sed

355 2659 466 2695 verba
491 2660 576 2695 ‘iam
602 2658 699 2695 ante'
731 2660 900 2695 connecti
930 2661 1085 2706 possunt
1122 2671 1204 2695 cum
1229 2660 1273 2696 iis
1301 2671 1395 2706 quae
1420 2662 1625 2707 sequuntur
1649 2661 1700 2696 ‘et
1724 2660 1826 2697 Sam-

354 2719 449 2754 nites
494 2719 573 2754 etc?
634 2718 756 2755 Verba
794 2721 901 2754 ‘anno
941 2719 1141 2765 superiore'
1181 2730 1262 2754 cum
1299 2719 1530 2756 Franckenio
1568 2732 1603 2766 p.
1636 2721 1702 2757 246
1742 2719 1826 2756 adn.

355 2777 536 2821 glossema
560 2777 701 2813 librarii
726 2779 834 2823 puto,
874 2777 972 2824 quod
1009 2778 1121 2814 verba
1153 2778 1237 2813 ‘iam
1270 2781 1355 2815 ante
1381 2790 1477 2815 anno
1503 2778 1703 2825 superiore’
1729 2779 1828 2814 inter

353 2846 393 2872 se
419 2836 591 2882 coniungi
616 2835 674 2872 vel
699 2848 758 2872 ars
786 2837 1026 2881 grammatica
1051 2838 1161 2873 vetat.
