2066 3448
763 371 1061 412 ...23-

179 504 248 539 est.
306 499 380 537 Sed
420 499 453 537 si
490 499 575 545 quis
603 499 643 536 in
672 509 716 537 eo
745 509 995 546 perseverare
1023 498 1117 535 velit
1145 497 1216 535 hoc
1246 496 1398 544 quidem
1427 496 1511 534 loco
1540 495 1661 534 verba

177 565 391 613 Polybiana
432 565 473 602 in
516 564 735 610 fragmento
765 564 919 610 integra
947 563 1057 600 nobis
1084 566 1242 601 servata
1271 573 1364 606 esse,
1395 565 1439 599 ut
1468 572 1515 599 ex
1547 561 1658 599 Livio

178 630 226 667 ad
260 629 421 668 verbum
450 640 534 667 cum
562 629 725 677 Polybio
764 632 995 676 congruente
1038 630 1242 675 appareat,
1286 638 1360 664 non
1403 627 1460 664 ita
1502 626 1660 664 fortiter

177 694 476 742 repugnaverim
517 697 634 740 atque
681 693 900 738 statuerim,
943 703 1042 739 quae
1070 692 1296 730 Licinianus
1339 691 1428 730 inde
1458 693 1505 729 ab
1535 697 1659 729 morte

177 759 366 797 Antiochi
394 759 580 806 narravit,
612 758 766 796 aliunde
795 770 839 796 ac
866 769 965 804 quae
995 757 1230 806 praecedunt
1257 757 1381 805 petita
1409 768 1502 795 esse.
1558 757 1659 795 Nam

179 825 407 872 scriptorem
438 824 590 872 saepius
620 824 715 862 duos
744 824 870 861 fontes
897 824 1006 860 iuxta
1036 823 1251 860 adhibuisse
1272 823 1386 860 etiam
1406 823 1447 859 in
1467 822 1659 869 sequenti-

177 891 247 927 bus
289 890 480 937 capitibus
523 899 806 936 cognoscemus.
862 887 924 925 Ex
963 887 1087 925 forma
1130 891 1256 925 autem
1287 886 1528 934 ‘Olympion’,
1562 897 1659 933 qnae

180 954 272 992 alibi
300 954 404 1002 apud
433 955 642 1002 scriptores
660 954 822 991 Latinos
850 963 924 990 non
945 952 1124 998 occurrit,
1133 952 1162 1000 ¹)
1183 951 1446 990 coniciendum
1465 956 1525 990 est
1545 951 1660 989 etiam

179 1019 342 1057 alterum
361 1019 518 1065 fontem,
541 1030 587 1057 ex
607 1030 678 1066 quo
698 1017 923 1056 Licinianus
942 1017 987 1054 de
1014 1017 1250 1055 ornamentis
1271 1016 1453 1054 Antiochi
1474 1016 1661 1054 nonnulla

182 1084 341 1129 addidit,
372 1084 491 1122 fuisse
521 1083 723 1122 Graecum.

286 1148 516 1196 Priusquam
544 1148 655 1186 huius
685 1147 921 1194 quaestionis
948 1146 1062 1184 finem
1090 1146 1293 1189 faciamus,
1329 1146 1448 1184 liceat
1475 1145 1661 1183 iudicium

183 1214 320 1252 afferre
344 1214 390 1252 de
408 1217 491 1251 toto
512 1213 746 1260 fragmento,
777 1213 823 1250 de
844 1223 915 1259 quo
936 1212 1059 1249 adhuc
1080 1212 1338 1249 disseruimus.
1387 1211 1660 1248 Desideramus

182 1290 306 1327 paene
335 1290 465 1317 omnes
493 1289 556 1316 res
584 1278 796 1325 graviores,
827 1288 924 1323 quae
959 1276 1155 1314 Antiocho
1183 1275 1245 1314 IV
1273 1287 1367 1322 rege
1397 1275 1524 1313 factae
1553 1280 1659 1319 sunt;

181 1345 441 1383 desideramus
460 1344 564 1381 bella
584 1353 667 1381 cum
684 1342 714 1381 J
716 1343 847 1380 udaeis
868 1346 905 1379 et
921 1341 1129 1390 Aegyptiis
1148 1345 1270 1388 gesta,
1290 1340 1484 1379 Graecum
1505 1341 1662 1378 deorum

181 1410 326 1447 cultum
355 1421 378 1446 a
404 1420 498 1456 rege
526 1409 765 1453 institutum,
801 1408 996 1455 satrapias
1025 1407 1232 1444 orientales
1260 1406 1418 1444 amissas
1448 1406 1661 1452 multasque

182 1475 277 1512 alias
318 1485 392 1512 res.
449 1475 506 1511 Ac
535 1478 662 1511 tamen
694 1473 974 1510 concedendum
1003 1476 1062 1509 est
1088 1483 1163 1510 non
1205 1472 1326 1509 solum
1371 1471 1552 1517 fabellas,
1596 1470 1662 1508 sed

182 1540 310 1580 ctiam.
339 1539 512 1586 inprimis
541 1539 609 1576 sub
638 1537 764 1583 finem,
794 1538 977 1575 nonnulla
996 1537 1070 1574 fide
1092 1537 1208 1583 digna
1227 1536 1390 1574 narrari.
1440 1536 1660 1574 Certissime

184 1609 313 1642 autem
357 1604 638 1642 demonstrasse
679 1603 772 1640 mihi
801 1603 934 1640 videor
962 1603 1034 1640 hoc
1062 1601 1319 1648 fragmentum
1348 1601 1534 1639 historiae
1565 1601 1662 1639 Gra-

185 1671 326 1708 nianae
369 1680 443 1707 non
487 1680 570 1707 esse
613 1673 836 1716 excerptum
865 1680 912 1705 ex
939 1668 1049 1705 libris
1076 1667 1273 1712 Livianis,
1304 1671 1418 1714 atque
1447 1667 1564 1704 etiam
1592 1667 1664 1704 hoc

183 1735 279 1772 satis
320 1745 381 1772 me
423 1734 644 1782 probavisse
686 1745 798 1782 spero
841 1734 1025 1771 maiorem
1054 1733 1289 1770 narrationis
1318 1735 1468 1779 partem
1498 1742 1592 1779 prae
1622 1742 1662 1768 se

181 1799 286 1837 ferre
317 1799 484 1837 colorem
512 1796 780 1847 Polybianum.
827 1798 965 1837 Utrum
987 1797 1148 1845 Plybius
1177 1798 1258 1844 ipse
1287 1808 1336 1834 an
1366 1796 1530 1844 epitome
1550 1796 1664 1844 Poly-

182 1864 298 1903 biaua
327 1875 376 1902 an
407 1864 505 1902 alius
524 1863 698 1902 Graecus
727 1866 862 1902 auctor
891 1863 1177 1901 accuratissime
1207 1863 1287 1900 eius
1315 1861 1480 1909 vestigia
1508 1865 1665 1899 secutus

186 1951 235 1958 —
256 1941 344 1967 nam
366 1929 560 1968 Graecum
578 1928 694 1967 fuisse
714 1929 845 1977 paucis
865 1929 955 1971 illis,
976 1939 1072 1974 quae
1093 1938 1208 1975 supra
1228 1927 1357 1973 attuli,
1379 1926 1596 1965 ostenditur
1613 1948 1664 1954 —-

182 1995 383 2033 Liciniano
412 1995 614 2032 materiam
643 1994 876 2041 praebuerit,
907 1997 1040 2040 aperte
1069 1993 1271 2031 diiudicari
1301 2003 1375 2030 non
1402 1995 1541 2040 potest.

896 2259 950 2298 Π.

292 2350 491 2397 Originem
533 2349 785 2398 Polybianam
832 2349 980 2387 redolet
1022 2347 1126 2386 aliud
1168 2357 1315 2394 quoque
1358 2345 1449 2383 libri
1482 2344 1668 2383 XXVIII

183 2415 445 2462 fragmentum
474 2413 658 2463 (f01.X11
677 2426 709 2458 r,
739 2414 798 2453 ed.
828 2414 953 2452 Bonn.
984 2425 1020 2461 p.
1054 2412 1132 2461 14).
1187 2412 1235 2450 In
1263 2411 1393 2459 priore
1420 2414 1531 2458 parte
1559 2409 1666 2448 Lici-

184 2481 322 2519 nianus
364 2480 550 2517 nonnulla
592 2491 693 2518 nova
734 2479 848 2517 affert
892 2479 937 2516 de
966 2477 1012 2517 P.
1042 2476 1220 2516 Cornelio
1249 2475 1415 2514 Lentulo
1446 2486 1548 2513 00113.
1579 2474 1663 2512 suff.

184 2548 275 2583 anni
304 2545 380 2583 592
412 2544 540 2595 (162),
573 2556 693 2593 quem,
724 2556 808 2582 cum
835 2547 994 2591 praetor
1022 2543 1189 2579 urbanus
1219 2544 1337 2583 esset,
1367 2542 1501 2577 narrat
1528 2549 1665 2586 agrum

185 2610 425 2658 Campanum
466 2612 629 2658 pecunia
675 2610 831 2658 publica
873 2608 1067 2646 coemisse.
1139 2606 1215 2645 Sed
1258 2605 1525 2653 praetermitto
1568 2603 1667 2641 hanc

280 2758 308 2803 ¹)
332 2756 517 2793 Ruhnken
543 2756 590 2792 ad
614 2755 707 2792 Vell.
733 2755 877 2791 Patere.
902 2755 929 2799 I,
958 2755 1013 2799 10,
1044 2757 1075 2790 1.
