2066 3448
786 407 1076 448 -89-

768 621 1029 662 Excursus
1061 621 1096 664 Ι.

830 701 887 745 (ad
912 713 947 747 p.
975 703 1034 746 22)

298 784 360 822 De
393 789 521 823 statua
550 785 662 823 Jovis
691 784 860 834 Olympii
903 797 926 823 a
953 785 1154 823 Liciniano
1198 790 1490 825 commemorata
1518 788 1551 825 si
1580 789 1663 835 quis

190 853 364 898 quaerat,
383 850 459 887 iam
479 849 520 888 C.
541 849 585 887 O.
607 849 750 887 Miiller
772 848 1060 897 „Antiquitates
1080 851 1365 888 Antiochenae“
1390 851 1518 900 (Gott.
1544 854 1661 901 1839)

191 926 227 963 p.
258 915 308 952 62
337 926 417 963 sqq.
459 915 720 953 demonstrare
763 914 911 952 studuit
954 913 1189 953 Antiochum
1217 915 1277 955 IV
1318 917 1519 964 Daphnae‚
1563 918 1662 965 quod

190 980 372 1027 oppidum
413 980 516 1017 haud
557 979 690 1027 procul
727 980 773 1016 ab
802 978 1015 1016 Antiochia
1043 980 1156 1017 situm
1185 984 1280 1025 erat,
1310 983 1519 1028 speciosam
1548 982 1577 1020 J
1580 983 1661 1021 ovis

189 1043 359 1093 Olympii
377 1048 545 1083 statuam
565 1044 614 1082 ad
634 1044 847 1092 exemplum
870 1044 1142 1082 celeberrimae
1161 1045 1263 1082 illius
1283 1048 1434 1084 statuae
1454 1046 1660 1085 Phidiacae

190 1120 236 1147 ex
269 1120 362 1147 auro
396 1114 435 1147 et
469 1110 582 1147 ebore
619 1109 792 1147 effectam
821 1109 1000 1147 erexisse.
1033 1131 1079 1136 —
1109 1109 1220 1148 Jovis
1250 1110 1419 1158 Olympii
1447 1111 1660 1160 Nicephori

189 1174 433 1213 simulacrum
452 1175 639 1222 Daphnae
660 1174 777 1211 fuisse
795 1174 883 1211 inde
904 1174 1113 1212 certissime
1134 1180 1305 1223 apparet,
1328 1176 1426 1222 quod
1442 1177 1660 1215 Alexander

192 1239 353 1277 Zebinas
397 1239 446 1276 ad
486 1239 680 1286 stipendia
722 1239 905 1276 militibus
934 1240 1105 1286 paranda
1134 1243 1166 1277 ‘e
1196 1241 1337 1288 templo
1367 1241 1472 1279 Jovis
1500 1242 1659 1280 solidum

189 1315 236 1341 ex
279 1315 370 1342 auro
408 1303 606 1342 Victoriae
642 1303 804 1350 signum'
835 1304 1048 1351 asportavit
1077 1304 1236 1352 (Justin.
1278 1305 1466 1348 XXXIX,
1497 1307 1532 1353 2,
1550 1307 1591 1356 5)
1620 1311 1659 1345 et

188 1372 322 1416 postea
363 1380 448 1407 cum
483 1369 614 1416 ‘ipsius
641 1368 751 1406 Jovis
780 1380 935 1406 aureum
965 1369 1220 1407 simulacrum'
1250 1382 1386 1418 rapere
1415 1372 1548 1418 vellet,
1591 1373 1659 1410 im-

185 1433 337 1481 peditus
371 1438 429 1472 est
456 1444 479 1471 a
507 1434 751 1471 multitudine
781 1434 941 1483 (Justin.
972 1435 995 1471 l.
1027 1445 1057 1472 c.
1089 1438 1128 1472 et
1156 1435 1267 1474 Diod.
1297 1435 1488 1483 XXXIV,
1519 1438 1580 1483 28,
1606 1439 1656 1486 1),

184 1509 307 1545 neque
335 1499 457 1537 minus
486 1510 531 1536 ex
561 1510 615 1545 eo,
654 1499 752 1546 quod
781 1498 998 1536 Antiochus
1027 1499 1087 1537 IX
1124 1499 1336 1548 Cyzicenus
1379 1501 1546 1539 traditur
1571 1503 1655 1541 loco

188 1564 295 1601 aurei
309 1563 339 1601 J
341 1564 422 1602 ovis
451 1564 498 1602 ab
527 1575 571 1601 eo
592 1564 732 1612 direpti
751 1567 914 1602 statuam
936 1564 1138 1602 deterioris
1157 1566 1302 1603 metalli
1320 1567 1492 1613 posuisse
1521 1567 1654 1616 (Olem.

184 1628 295 1666 Alex.
316 1629 511 1677 Protrept.
542 1632 578 1673 4,
599 1630 650 1667 52
680 1629 737 1668 ed.
766 1630 937 1667 Dindorf
963 1634 1002 1667 et
1022 1631 1166 1669 Arnob.
1197 1631 1279 1669 adv.
1311 1635 1388 1669 nat.
1419 1631 1486 1675 VI,
1518 1633 1562 1669 21
1595 1633 1653 1672 ed.

183 1693 489 1744 Reifferscheid),
518 1706 740 1742 quamquam
764 1699 872 1732 erant
893 1696 957 1742 qui
977 1696 1260 1743 suspicarentur
1279 1696 1376 1734 hanc
1395 1697 1654 1736 narrationem

183 1770 230 1796 ex
257 1759 326 1796 illa
353 1771 436 1797 esse
465 1759 679 1797 formatam.

287 1823 466 1861 Statuam
494 1836 585 1863 vero
604 1825 887 1862 Diocletianum
915 1826 1085 1872 posuisse
1112 1825 1206 1863 falso
1226 1826 1305 1864 sinc
1326 1827 1439 1865 dubio
1459 1828 1653 1865 contendit

181 1888 345 1927 Malalas
375 1889 512 1928 Chron.
556 1902 590 1938 p.
624 1891 711 1928 307.
768 1890 851 1927 Iam
894 1891 1039 1927 maiore
1074 1895 1131 1928 est
1158 1891 1231 1929 fide
1260 1892 1396 1938 dignus
1424 1892 1652 1931 Ammianus

185 1953 433 1992 Marcellinus
461 1954 597 2000 XXII,
632 1956 690 2000 13,
716 1956 754 1992 1:
786 1956 929 1992 ‘eodem
958 1960 1130 2003 tempore
1160 1956 1199 2004 (i.
1231 1968 1262 1994 e.
1285 1968 1318 1995 a.
1341 1958 1417 1994 362
1436 1970 1470 2005 p.
1490 1957 1651 2007 Chr.n.)

183 2018 280 2056 diem
309 2018 549 2057 undecimum
568 2020 833 2058 Kalendarum
853 2020 1126 2058 Novembrium
1156 2021 1427 2069 amplissimum
1448 2023 1652 2070 Daphnaei

180 2083 375 2131 Apollinis
402 2083 542 2129 fanum,
573 2085 672 2132 quod
702 2085 921 2133 Epiphanes
946 2085 1160 2124 Antiochus
1188 2098 1257 2124 rex
1285 2087 1350 2124 ille
1379 2088 1547 2125 condidit
1574 2089 1650 2126 ira-

182 2148 325 2186 cundus
353 2152 392 2187 et
419 2160 567 2194 saevus
598 2153 637 2187 et
664 2150 907 2188 simulacrum
928 2151 967 2188 in
993 2162 1037 2188 eo
1057 2150 1270 2200 Olympiaci
1289 2151 1319 2189 J
1322 2152 1404 2191 ovis
1423 2153 1651 2191 imitamenti

180 2214 431 2261 aequiperans
473 2214 788 2262 magnitudinem,
831 2216 959 2253 subita
995 2217 1034 2254 vi
1075 2216 1309 2254 flammarum
1353 2221 1525 2255 exustum
1567 2219 1647 2256 est'.

182 2277 346 2317 Praeter
386 2279 486 2317 hunc
527 2280 652 2318 locum
695 2280 741 2319 O.
770 2280 911 2318 Miiller
950 2282 1145 2319 nitebatur
1182 2282 1343 2319 nummis
1371 2283 1582 2331 Epiphanis
1611 2287 1650 2321 et

179 2344 433 2390 posteriorum
462 2355 609 2391 regum,
637 2346 675 2382 in
695 2346 832 2392 quibus
852 2347 1090 2384 simulacrum
1113 2350 1172 2384 est
1190 2347 1279 2385 Jovi
1297 2347 1481 2386 Phidiaco
1503 2349 1647 2386 similli-

179 2419 292 2446 mum.
336 2408 394 2447 At
413 2409 613 2448 Overbeck
632 2410 831 2460 („Griech.
853 2412 1130 2459 Kunstmyth.“
1152 2412 1184 2450 I.
1204 2412 1305 2450 Zeus
1324 2424 1358 2460 p.
1382 2413 1451 2462 59)
1481 2414 1649 2451 ostendit

178 2473 317 2511 Jovem
350 2474 606 2522 Nicephorum
647 2476 724 2512 iam
767 2476 805 2513 in
840 2477 1001 2514 nummis
1029 2477 1213 2515 Antiochi
1241 2478 1260 2515 I
1301 2482 1339 2515 et
1380 2478 1494 2516 simili
1522 2479 1647 2516 forma

178 2537 292 2576 etiam
322 2539 362 2577 in
389 2539 552 2577 nummis
580 2539 729 2577 Seleuci
748 2540 944 2579 Nicatoris
979 2552 1188 2579 occurrere.
1233 2541 1370 2579 Omnia
1403 2543 1497 2580 haec
1525 2554 1647 2591 nuper

177 2602 348 2642 Babelon
377 2604 421 2653 (1.
452 2616 569 2652 supra
588 2616 623 2652 p.
648 2605 695 2642 21
728 2617 758 2642 c.
779 2617 816 2652 p.
837 2605 897 2642 XI
925 2616 978 2652 sq.
1010 2610 1048 2644 et
1067 2605 1192 2655 XCV)
1221 2607 1276 2643 ita
1304 2607 1451 2644 studuit
1477 2609 1578 2646 inter
1605 2620 1645 2647 se

177 2668 394 2715 conciliare,
437 2674 480 2707 ut
522 2670 681 2707 nummis
711 2670 872 2708 confisus
899 2671 974 2707 iam
1002 2670 1202 2708 Seleucum
1229 2671 1450 2709 Nicatorem
1478 2676 1645 2711 statuam

177 2731 288 2771 Jovis
315 2733 525 2782 Nicephori
560 2735 725 2772 erexisse
754 2739 920 2782 putaret,
950 2735 1194 2772 Ammianum
1222 2736 1487 2775 Marcellinum
1515 2742 1643 2777 autem

176 2801 329 2836 secutus
356 2798 591 2837 Antiochum
611 2799 671 2838 IV
699 2800 954 2838 arbitraretur
981 2800 1087 2837 illam
1115 2804 1284 2839 statuam
1311 2801 1503 2840 refecisse.
