2066 3448
836 350 1094 389 —7....

237 477 326 525 „qui
345 477 579 514 Frontonem
609 482 855 524 oratoresque
884 477 971 514 illos
1001 480 1216 523 cognosset,
1247 476 1311 523 qui
1331 476 1378 514 ad
1398 475 1559 514 Sallusti
1578 476 1710 525 Crispi

233 542 404 589 regulam
432 541 547 580 verba
577 553 646 579 sua
675 543 826 589 exigere
855 542 1076 586 solebant-‚⁴5
1106 542 1179 589 ipsi
1208 541 1332 579 Bonn.
1361 541 1415 590 (p.
1448 541 1608 590 XVIII)
1637 543 1708 580 iam

232 607 513 645 intellexerunt
542 612 655 654 atque
684 609 730 645 ob
759 608 797 645 id
825 609 948 654 ipsum
979 608 1049 644 hoc
1069 607 1309 644 enuntiatum
1340 608 1600 654 ascripserunt
1630 608 1708 654 epi-

232 672 429 710 tomatori.
485 670 561 710 Sed
596 683 678 710 cum
719 672 815 710 illud
857 672 1105 718 enuntiatum,
1149 672 1245 718 quod
1276 675 1334 709 est
1363 672 1408 709 de
1438 672 1537 709 Iovis
1567 672 1709 718 templo

230 737 418 784 confecto,
448 737 559 775 nobis
587 748 661 774 non
690 737 909 785 praebuerit
938 748 1068 774 ansam
1098 736 1336 780 defendendi,
1367 748 1468 773 nunc
1496 737 1710 784 gaudemus

231 813 299 840 nos
328 812 439 849 posse
461 803 732 849 demonstrare,
764 803 880 840 verba
910 814 931 838 a
950 802 1072 839 Bonn.
1103 805 1237 839 notata
1263 812 1369 839 suum
1399 802 1523 839 locum
1551 802 1706 839 habere.

232 867 400 904 Primum
430 868 540 911 enim,
571 868 671 914 quod
699 867 800 904 infra
820 867 1015 904 contiones
1036 870 1379 904 commemorantur
1408 871 1447 904 et
1465 870 1596 904 nostro
1626 868 1708 904 loco

230 932 434 970 Sallustius
463 932 604 970 dicitur
632 936 775 976 orator,
806 932 997 969 artissime
1016 932 1117 969 inter
1145 943 1185 969 se
1207 932 1425 969 cohaerent.
1466 931 1564 969 Tum
1595 933 1710 969 verba

231 1002 331 1034 ‘nam
374 1001 412 1035 et
453 1001 626 1045 tempora
665 997 914 1044 reprehendit
953 997 1041 1048 sua'·
1077 997 1141 1034 vix
1185 998 1338 1034 annecti
1380 1000 1542 1044 possunt
1583 997 1711 1034 verbis

231 1067 371 1100 ‘moras
399 1066 438 1099 et
465 1073 540 1100 non
569 1062 749 1109 urgentia
778 1062 1022 1106 omittemus'‚
1052 1062 1127 1098 nisi
1158 1062 1405 1106 enuntiatum,
1436 1073 1508 1108 quo
1529 1062 1711 1100 iudicium

229 1128 298 1164 fiat
345 1127 391 1165 de
433 1128 638 1171 Sallustio,
685 1127 883 1164 intericias
930 1127 991 1165 vel
1039 1126 1126 1164 ‘ille'
1175 1126 1327 1172 quidem
1375 1127 1550 1164 voculam
1593 1126 1710 1164 addas

229 1192 297 1241 (cf.
327 1192 422 1230 Keil
449 1203 485 1239 p.
518 1191 623 1240 640).
679 1191 816 1238 Itaque
860 1191 892 1228 si
920 1191 1178 1228 necessarium
1222 1194 1281 1229 est
1322 1191 1388 1228 illa
1432 1193 1566 1238 verba,
1613 1202 1710 1239 quae

228 1257 494 1305 epitomatoris
537 1267 618 1294 esse
648 1257 973 1301 contendebatur,
1019 1257 1064 1293 ab
1094 1256 1296 1294 Liciniano
1326 1257 1408 1304 ipso
1438 1257 1586 1304 scripta
1615 1267 1708 1304 esse,

230 1323 526 1361 concludendum
542 1322 649 1359 nobis
670 1325 727 1360 est
747 1323 847 1360 hunc
866 1322 1063 1369 scripsisse
1079 1321 1284 1360 Frontonis
1304 1322 1452 1359 demum
1473 1323 1710 1369 temporibus

227 1387 290 1426 vel
317 1390 463 1435 postea.
519 1387 569 1424 Ei
598 1397 757 1433 quoque,
800 1387 865 1433 qui
893 1386 1079 1424 Granium
1108 1387 1353 1424 Licinianum
1396 1398 1471 1424 non
1515 1387 1708 1424 diversum

228 1452 423 1500 putaverit
450 1463 473 1489 a
506 1451 650 1489 Granio
678 1451 840 1497 Flacco,
883 1452 955 1490 hoc
996 1452 1081 1490 loco
1112 1452 1351 1490 considerato
1382 1463 1606 1500 persuasum
1635 1453 1710 1490 erit

228 1529 310 1556 rem
337 1518 393 1554 ita
422 1528 462 1555 se
504 1527 578 1554 non
619 1517 773 1555 habere.
830 1517 931 1555 Nam
967 1517 1038 1554 hoc
1069 1521 1335 1563 argumentum
1371 1517 1559 1563 quomodo
1588 1517 1710 1564 possit

230 1582 427 1620 debilitari
468 1582 611 1628 nescio,
655 1582 728 1619 nisi
770 1581 871 1619 forte
914 1582 996 1628 quis
1039 1586 1183 1619 totum
1229 1582 1274 1620 de
1303 1581 1484 1620 Sallustio
1527 1582 1708 1620 iudicium

227 1647 493 1696 epitomatoris
523 1657 604 1684 esse
634 1650 774 1684 censet.
787 1646 816 1694 ¹)

367 1712 448 1749 Iam
476 1713 514 1749 in
543 1711 743 1759 scriptoris
771 1715 944 1759 tempore
974 1712 1184 1750 definiendo
1214 1713 1323 1750 nobis
1350 1713 1607 1759 quaerendum
1638 1716 1707 1757 est,

225 1781 332 1815 ante
361 1789 469 1824 quem
499 1778 701 1814 terminum
721 1778 936 1815 necessario
965 1777 1031 1815 ille
1060 1778 1212 1816 vixerit.
1253 1778 1337 1826 Qua
1357 1779 1396 1815 in
1415 1789 1456 1815 re
1477 1778 1705 1815 adiuvamur

225 1843 372 1881 duobus
405 1842 502 1881 locis
529 1842 753 1886 Solinianis,
796 1854 958 1889 quorum
1000 1844 1121 1881 altero
1164 1855 1200 1891 p.
1232 1844 1366 1889 3212
1407 1843 1466 1881 ed.
1496 1843 1707 1880 Mommsen

224 1908 293 1956 (fr.
313 1908 395 1956 111)
425 1919 563 1946 nomen
583 1907 799 1955 Messapiae
828 1908 1044 1956 explicatur
1072 1908 1276 1946 secundum
1296 1908 1554 1952 Licinianum,
1584 1909 1705 1946 altero

223 1985 261 2022 p.
290 1976 354 2019 44,
379 1974 425 2011 18
453 1973 517 2022 (fr.
549 1972 645 2022 VII)
674 1974 840 2021 scriptor
868 1974 1073 2011 secundum
1103 1973 1290 2011 Granium
1319 1977 1456 2011 narrat
1485 1974 1531 2010 de
1560 1974 1702 2011 cicadis

223 2039 274 2076 ad
301 2039 496 2086 Rhegium
525 2038 650 2076 mutis.
706 2038 813 2076 Haec
840 2039 994 2076 nomina
1024 2039 1228 2077 coniuncta
1257 2039 1416 2076 eundem
1445 2038 1706 2085 antiquarium

224 2104 438 2151 significare
479 2104 707 2151 putaverim,
756 2115 863 2151 quem
906 2104 983 2141 iam
1025 2104 1127 2152 apud
1168 2104 1408 2141 Macrobium
1451 2107 1489 2142 et
1532 2104 1706 2142 Servium

222 2169 463 2218 repperimus
507 2173 545 2206 et
589 2170 635 2206 ab
678 2169 761 2214 hoc,
810 2169 856 2207 de
898 2181 970 2216 quo
1014 2170 1264 2217 disputamus,
1314 2169 1459 2207 Granio
1503 2169 1704 2207 Liciniano

223 2235 407 2273 historico
452 2245 525 2271 non
567 2234 756 2272 diversum
799 2235 984 2272 duximus.
1044 2236 1098 2272 Ac
1140 2234 1455 2272 verisimillimum
1500 2238 1560 2272 est
1588 2235 1705 2272 verba

221 2301 292 2338 illa
319 2300 440 2338 allata
468 2310 544 2337 non
573 2300 620 2337 ab
649 2301 731 2347 ipso
762 2298 913 2345 Solino,
950 2300 1013 2347 qui
1041 2311 1111 2338 sua
1138 2303 1273 2348 sponte
1302 2299 1527 2347 parcissima
1554 2302 1704 2336 tantum

224 2365 367 2403 addere
395 2365 544 2403 solebat
572 2365 638 2414 (cf.
669 2365 880 2403 Mommsen
909 2366 983 2404 Sol.
1015 2377 1052 2413 p.
1082 2364 1196 2413 XI.),
1240 2365 1387 2402 inserta
1427 2365 1494 2402 sed
1523 2375 1568 2401 ex
1598 2364 1704 2401 fonte

366 2464 393 2508 ¹)
417 2464 469 2500 Ut
508 2464 568 2499 hic
609 2463 691 2500 edd.
736 2464 851 2500 Bonn.
894 2464 1105 2511 ubicunque
1156 2463 1408 2509 epitomatoris
1451 2462 1705 2498 additamenta

222 2525 487 2568 cognoverunt,
513 2523 657 2568 decepti
682 2525 779 2559 sunt.
814 2523 870 2558 De
895 2534 937 2558 eo
964 2522 1055 2568 loco,
1083 2534 1155 2569 quo
1181 2522 1341 2558 maxime
1367 2522 1554 2558 sententia
1579 2532 1704 2558 eorum

223 2582 356 2618 nititur
393 2581 470 2626 (fol.
497 2581 582 2618 VIII
606 2593 636 2627 r,
670 2582 725 2618 ed.
751 2582 868 2618 Bonn.
895 2593 930 2627 p.
958 2585 1003 2619 20
1029 2582 1073 2627 B)
1100 2593 1179 2627 cap.
1206 2582 1253 2618 ΙΙ.
1278 2581 1485 2618 accuratius
1512 2580 1704 2625 disseram,

223 2651 309 2676 cum
346 2640 406 2676 hic
442 2640 544 2676 locus
582 2643 687 2678 extra
724 2641 948 2677 narrationis
982 2643 1196 2677 contextum
1222 2640 1450 2677 considerari
1475 2650 1550 2675 non
1574 2640 1702 2685 possit.

223 2700 348 2746 Atque
374 2710 455 2735 eam
493 2700 720 2745 opinionem,
758 2700 940 2736 Liciniani
965 2699 1174 2746 fragmenta
1199 2711 1273 2736 non
1299 2711 1382 2736 esse
1408 2700 1480 2736 nisi
1506 2699 1704 2745 epitomen,

221 2759 371 2805 saepius
398 2759 590 2795 occasione
616 2759 739 2795 oblata
764 2759 927 2795 reiciam.
