2066 3448
751 372 1044 412 ,31-

151 500 370 541 necessario
413 511 488 547 pro
531 500 723 547 particula
750 498 810 538 καὶ
837 498 1106 537 desiderantur
1133 498 1228 535 haec
1256 496 1357 534 fere:
1401 496 1630 545 πρεσβευτῶν

153 566 192 603 δὲ
219 565 280 604 καὶ
321 564 410 615 πρὸς
452 563 558 602 αὐτὸν
603 564 844 614 ἀφικομένων.
900 563 1067 602 Granius
1109 562 1189 600 eius
1232 565 1384 599 tantum
1424 560 1631 607 legationis

151 631 380 669 mentionem
425 630 532 673 facit,
574 641 673 676 quae
715 630 765 667 ad
793 628 1027 676 Caepionem
1054 627 1170 665 missa
1199 631 1275 673 est,
1318 626 1385 664 sed
1422 626 1534 663 docet
1562 636 1632 663 nos

152 695 242 743 quid
271 694 462 735 Germani
490 695 790 742 postulaverint:
835 698 959 741 ‘agros
986 696 1161 741 petentes
1190 693 1499 738 frumentumque
1528 689 1628 737 quod

152 761 349 800 sererent'.
388 758 452 797 Ac
480 771 527 797 ne
556 760 618 798 hic
646 759 798 806 quidem
826 758 950 804 video,
979 769 1048 796 cur
1067 768 1151 795 eum
1179 756 1423 795 Franckenio
1452 756 1505 804 (p.
1534 755 1631 803 252)

153 825 353 864 credamus
374 825 617 863 Licinianum
644 825 732 862 illas
761 823 1012 868 condiciones,
1042 833 1136 869 quas
1157 822 1340 860 Germani
1359 832 1392 858 a.
1413 821 1490 859 645
1517 820 1632 869 (1Ο9)

152 889 283 929 Silano
303 890 593 938 proposuissent
611 890 734 939 (Flor.
756 889 789 934 Ι,
811 890 873 934 38,
892 889 932 933 2;
962 888 1048 926 Liv.
1069 899 1150 935 per.
1172 887 1239 935 65)
1269 886 1367 924 falso
1388 885 1632 923 transtulisse

151 956 192 993 in
233 966 373 993 annum
415 956 490 993 649
531 954 656 1004 (105).
714 954 815 993 Nam
857 953 1042 991 Germani
1084 964 1158 990 non
1199 952 1321 990 solum
1365 963 1397 989 a.
1433 950 1520 998 645,
1564 949 1633 987 sed

152 1021 476 1068 quotienscunque
504 1021 545 1058 in
572 1019 949 1068 peregrinationibus
978 1029 1063 1056 011111
1090 1018 1273 1055 Romanis
1303 1017 1483 1063 agebant,
1515 1026 1630 1062 agros

152 1086 410 1133 postulabant.

259 1151 408 1199 Quodsi
434 1149 573 1188 Dionis
617 1153 656 1187 et
684 1148 823 1187 Granii
851 1148 1113 1186 narrationem
1142 1146 1405 1194 coniungimus
1434 1167 1483 1173 —
1511 1155 1634 1192 neque

153 1221 223 1264 est,
267 1216 368 1263 quod
410 1216 524 1253 rebus
567 1214 614 1253 ab
643 1220 807 1261 utroque
844 1214 972 1252 allatis
1000 1213 1112 1251 fidem
1141 1213 1366 1260 derogemus
1395 1233 1445 1239 -
1475 1221 1548 1248 non
1577 1210 1634 1247 ita

153 1285 258 1319 recte
285 1281 496 1318 Mommsen
525 1280 592 1329 (R.
621 1279 668 1318 G.
700 1279 741 1316 II
768 1292 804 1327 p.
840 1278 931 1328 177)
974 1283 1012 1316 et
1040 1278 1201 1317 Nitzsch
1230 1277 1295 1326 (R.
1325 1276 1373 1314 G.
1403 1275 1444 1313 ΙΙ
1472 1287 1508 1323 p.
1543 1273 1635 1323 123)

154 1358 216 1385 res
231 1347 282 1384 ad
295 1345 525 1384 Rhodanum
542 1348 673 1391 gestas
688 1344 869 1382 videntur
885 1344 1114 1390 describere,
1136 1354 1220 1380 cum
1234 1339 1635 1388 narrantCaepionem

154 1411 332 1458 veritum,
374 1421 423 1448 ne
450 1400 609 1447 Mallius
652 1409 716 1455 qui
758 1420 843 1446 cum
870 1409 1010 1456 legatis
1039 1407 1283 1446 Cimbrorum
1325 1407 1486 1454 agebat,
1529 1405 1633 1442 solus

154 1477 318 1523 gloriam
346 1475 533 1513 victoriae
562 1476 866 1518 nancisceretur,
910 1474 992 1511 sine
1034 1473 1100 1511 illo
1130 1476 1273 1511 temere
1303 1483 1368 1510 suo
1398 1471 1568 1509 exercitu
1596 1470 1636 1507 in

154 1543 284 1579 hostes
328 1541 527 1579 invasisse.
583 1539 706 1577 Immo
734 1540 992 1577 necessarium
1023 1542 1081 1576 est
1109 1538 1283 1585 cogitare
1311 1535 1488 1574 Cimbros
1516 1536 1634 1573 etiam

156 1606 205 1644 ad
234 1605 466 1653 Caepionem
495 1605 644 1643 misisse
686 1605 856 1652 legatos,
901 1604 1065 1641 fortasse
1108 1603 1207 1650 quod
1234 1602 1392 1640 Mallius
1420 1601 1522 1639 solus
1551 1611 1636 1638 cum

154 1671 202 1709 iis
231 1682 349 1718 agere
379 1671 550 1709 nolebat.
588 1669 663 1708 Sed
692 1670 759 1708 ille
787 1670 1006 1717 turpissime
1035 1669 1075 1706 in
1105 1680 1171 1706 eos
1199 1668 1280 1715 egit
1309 1667 1412 1715 (Dio,
1441 1666 1546 1714 Lic.)
1567 1676 1638 1703 nec

155 1737 318 1774 multum
346 1736 460 1780 afuit,
505 1735 596 1782 quin
641 1746 704 1772 eos
738 1738 894 1773 necaret
922 1734 1046 1783 (Dio).
1104 1734 1201 1771 Tum
1238 1733 1388 1770 demum
1418 1732 1638 1779 ‘desperata

156 1800 304 1850 pace'1)
335 1801 510 1839 Cimbri
539 1804 693 1848 postero
723 1800 783 1838 die
803 1798 1007 1847 Caepionis
1028 1803 1156 1837 castra
1176 1798 1351 1846 aggressi
1372 1803 1593 1846 expugnant
1605 1795 1635 1844 2)

157 1870 195 1904 et
224 1866 404 1904 ‘maxima
432 1877 527 1913 pars
558 1866 750 1904 exercitus
780 1865 907 1903 deleta
936 1866 1004 1903 est’
1037 1863 1166 1913 (Lic.).

253 2002 280 2046 ²)
307 2000 384 2038 Col.
410 2001 439 2037 B
469 2003 511 2037 16
537 2012 619 2047 sqq.
645 2001 723 2037 cod.
748 2001 876 2037 habet:
915 1999 1143 2045 SUBMOUT

488 2058 1105 2097 UTDESPERATAPACEADOL
1117 2087 1125 2094 .
1144 2085 1151 2093 .

489 2117 1130 2156 CAPTAPOSTERODIECASTR.

160 2178 297 2215 Omnes
324 2178 572 2224 coniecturae,
613 2189 708 2225 quae
734 2178 863 2224 ‘capta’
891 2178 1055 2221 mutant,
1080 2175 1289 2212 reiciendae
1316 2176 1418 2219 sunt,
1457 2185 1544 2210 nam
1572 2173 1639 2218 „de

158 2237 216 2273 his
241 2237 389 2284 litteris,
414 2240 457 2274 ut
473 2237 583 2274 Pertz
610 2237 775 2282 adnotat,
803 2237 964 2273 dubitari
989 2247 1063 2272 non
1087 2237 1211 2281 potest
1236 2246 1327 2281 quas
1354 2235 1462 2280 pater
1486 2244 1633 2280 quoque

158 2297 194 2332 h.
220 2296 244 2331 l.
271 2299 417 2333 exstare
449 2297 583 2334 vidit“.
631 2296 950 2333 Verisimillimum
975 2296 1066 2331 mihi
1091 2295 1247 2340 videtur,
1275 2293 1374 2340 quod
1398 2293 1558 2329 Bursian
1586 2292 1639 2337 (in

158 2355 340 2393 Fleckeis.
365 2367 453 2393 ann.
478 2356 571 2402 phil.
598 2355 765 2392 LXXVII
791 2357 909 2400 (1858)
943 2366 978 2400 p.
1005 2356 1088 2399 650)
1128 2353 1302 2389 coniecit:
1339 2353 1483 2389 librarii
1521 2351 1638 2387 oculis

158 2415 199 2450 in
235 2415 520 2461 praecedentem
559 2426 708 2451 versum
745 2415 1002 2452 aberrantibus
1041 2412 1241 2460 (ADOUT)
1280 2412 1422 2459 aliquid
1460 2410 1642 2447 excidisse

159 2474 262 2511 velut
286 2474 348 2511 ‘ad
372 2486 475 2511 arma
499 2475 688 2511 redirent’.

257 2547 282 2591 ²)
307 2545 405 2582 Illud
432 2546 676 2592 enuntiatum,
704 2557 775 2592 quo
803 2546 893 2582 haec
919 2556 940 2581 a
965 2545 1041 2580 Lic.
1067 2543 1276 2588 traduntur,
1302 2543 1558 2589 perturbatum
1585 2544 1641 2577 est

161 2605 428 2641 additamento.
477 2604 576 2641 Nam
599 2605 714 2641 verba
751 2606 884 2651 ‘neque
911 2603 1045 2639 adduci
1070 2603 1202 2649 potuit,
1227 2613 1310 2638 011111
1335 2613 1408 2638 11011
1434 2601 1551 2637 multo
1577 2601 1642 2636 ab·

155 2666 272 2711 esset,
296 2666 339 2701 ut
366 2664 570 2700 exercitum
597 2665 779 2710 iungeret'
805 2664 849 2700 de
866 2663 992 2699 Mallio
1018 2663 1079 2698 vix
1097 2663 1254 2708 possunt
1271 2661 1450 2706 intellegi.
1484 2661 1539 2696 Ea
1556 2662 1642 2706 post

162 2724 302 2760 ‘voluit’
327 2723 374 2768 (B
403 2725 440 2766 7)
465 2723 744 2769 transponenda
782 2734 864 2759 esse
901 2724 1002 2768 puto.
1051 2721 1131 2757 Hac
1170 2721 1381 2757 coniectura
1418 2721 1570 2766 accepta
1604 2721 1641 2755 et

162 2783 326 2819 narratio
351 2782 464 2829 plana
490 2782 532 2818 fit
555 2784 591 2818 et
617 2783 697 2818 vitii
723 2784 825 2828 origo
851 2781 958 2818 facile
975 2782 1101 2828 potest
1126 2781 1308 2826 cognosci.
1344 2779 1441 2815 Nam
1468 2778 1642 2815 librarius
