2066 3448
229 540 286 588 (p.
318 539 410 588 190)
454 539 655 577 discrimen
699 540 816 578 fuisse
854 543 983 578 censet
1013 540 1114 577 inter
1141 540 1248 587 pacis
1276 540 1519 578 condiciones
1547 540 1697 588 publice

229 605 355 643 factas
383 607 422 641 et
451 615 646 642 arcanas
676 605 856 651 quasdam
884 616 958 647 res,
988 605 1033 642 de
1063 606 1197 651 quibus
1226 605 1328 643 Delii
1357 605 1458 642 inter
1485 604 1631 642 Sullam
1660 609 1699 642 et

229 668 459 706 Archelaum
489 669 726 712 convenerit,
769 669 809 706 in
836 669 895 706 his
924 669 1040 707 fuisse
1070 670 1379 716 postulationem,
1409 674 1451 707 ut
1478 670 1697 708 Archelaus

229 737 350 771 totam
380 733 539 771 classem
568 733 751 778 traderet,
780 734 819 771 id
848 734 948 780 quod
975 735 1089 781 paulo
1119 737 1204 782 post
1233 735 1379 772 fecerit.
1429 734 1504 772 Sed
1524 745 1608 772 cum
1627 735 1699 772 hac

229 798 450 836 coniectura
491 804 664 845 pugnant
706 803 744 836 et
779 799 949 846 Appiani
993 799 1058 843 (cf.
1087 799 1221 846 supra)
1267 803 1305 837 et
1347 799 1539 837 Liciniani
1581 800 1700 837 verba

231 862 287 911 (p.
308 865 358 901 34
378 865 412 900 A
435 864 482 901 16
502 863 601 912 sqq.)
630 863 701 901 ‘his
730 865 830 910 ipse
856 864 1156 902 Mithridates
1186 876 1270 902 cum
1300 863 1407 902 Sulla
1439 865 1567 913 [apud]
1598 865 1699 902 Dar-

232 927 370 965 danum
402 927 680 976 [com]positis'.
727 928 892 965 Accedit
921 928 1019 975 quod
1040 929 1070 965 si
1089 929 1336 967 Reinachium
1357 932 1579 975 putaremus
1597 932 1701 966 recte

230 993 448 1038 coniecisse,
479 993 591 1030 simul
614 993 867 1040 probaremus
888 993 1119 1030 Archelaum
1147 1005 1189 1031 re
1220 1005 1312 1031 vera
1338 1004 1465 1040 regem
1485 1005 1594 1031 suum
1613 1005 1700 1042 pro-

233 1057 386 1102 didisse,
427 1057 467 1096 id
512 1057 612 1104 quod
654 1057 806 1095 minime
841 1058 1092 1095 demonstrari
1121 1062 1260 1105 potest.
1315 1059 1493 1106 Longum
1521 1063 1579 1096 est
1606 1060 1702 1096 haec

232 1123 448 1160 accuratius
476 1123 724 1170 perscrutari.
780 1122 866 1160 Hoc
895 1134 1009 1160 unum
1044 1134 1396 1161 commemoramus:
1426 1123 1467 1162 Si
1486 1123 1702 1162 Archelaus

231 1197 370 1235 reapse
400 1198 482 1225 eam
511 1187 641 1225 classis
668 1187 800 1234 regiae
828 1191 989 1234 partem,
1019 1188 1079 1225 cui
1107 1189 1187 1236 ipse
1213 1193 1402 1236 praeerat,
1431 1188 1559 1227 Sullae
1578 1189 1704 1226 tradi-

235 1252 366 1297 disset,
378 1252 406 1299 1)
437 1252 620 1299 quomodo
650 1251 733 1289 fieri
761 1253 898 1299 potuit,
929 1256 972 1289 ut
999 1254 1100 1299 regis
1128 1254 1276 1290 nomine
1311 1253 1452 1291 diutius
1486 1264 1569 1291 cum
1595 1253 1704 1291 Sulla

235 1317 282 1356 de
310 1317 449 1355 ceteris
477 1318 583 1365 pacis
613 1317 898 1355 condicionibus
926 1321 1089 1364 ageret?
1136 1319 1234 1355 Num
1264 1319 1402 1356 audere
1431 1319 1558 1367 potuit
1587 1318 1703 1356 etiam

236 1382 284 1420 ad
328 1382 606 1420 Mithradatem
652 1382 807 1420 redire?
879 1383 1016 1421 Nonne
1061 1384 1272 1421 Plutarcho
1319 1388 1358 1421 et
1404 1384 1592 1431 Appiano,
1639 1384 1704 1421 ubi

234 1447 472 1485 Archelaum
502 1447 651 1485 faciunt
678 1448 927 1495 interpretem
956 1448 1072 1495 pacis,
1110 1459 1255 1486 omnem
1282 1449 1395 1486 fidem
1424 1449 1612 1496 derogare
1641 1448 1704 1486 de-

232 1513 411 1550 unimus?
466 1512 510 1550 Id
540 1512 639 1559 quod
667 1524 714 1549 ne
742 1512 916 1550 Reinach
945 1513 1096 1559 quidem
1125 1513 1250 1550 audet.
1308 1513 1366 1551 Re
1408 1525 1501 1552 vera
1542 1517 1706 1561 postea

236 1577 385 1616 demum
414 1577 518 1624 regis
545 1577 710 1624 suspicio
738 1581 842 1614 mota
871 1581 928 1615 est
956 1578 1192 1624 maximeque
1221 1582 1342 1625 aucta,
1380 1589 1465 1616 cum
1490 1579 1706 1616 Archelaus

235 1641 388 1689 fugeret
430 1642 480 1679 ad
520 1642 718 1679 Murenam
762 1642 881 1691 (App.
912 1642 1042 1679 Mithr.
1075 1642 1152 1688 64).
1208 1642 1272 1680 Ita
1315 1644 1564 1690 intelligitur,
1607 1643 1706 1690 quod

236 1707 514 1744 Mithradatem
541 1706 749 1744 Sallustius
777 1708 882 1755 (hist.
912 1707 978 1754 IV,
1002 1708 1063 1749 20,
1089 1708 1153 1755 12)
1182 1708 1369 1745 dicentem
1399 1708 1509 1746 facit:
1541 1709 1707 1756 ‘incepta

237 1783 323 1809 mea
367 1776 584 1820 postremus
627 1783 822 1809 servorum
851 1772 1066 1809 Archelaus
1110 1773 1279 1810 exercitu
1306 1773 1457 1820 prodito
1484 1773 1707 1821 impedivit'.

237 1835 315 1875 Sed
343 1837 492 1884 culpam
519 1835 707 1874 Archelai
735 1837 794 1874 his
822 1837 946 1874 verbis
976 1838 1137 1883 coargui
1172 1849 1246 1874 non
1273 1849 1384 1885 posse
1415 1843 1707 1876 consentaneum

239 1906 311 1941 est,
365 1901 577 1939 Praeterea
595 1901 769 1939 Reinach
798 1901 845 1939 ad
867 1901 1161 1938 confirmandam
1180 1913 1286 1939 suam
1307 1903 1537 1940 sententiam
1556 1903 1609 1952 (p.
1634 1904 1707 1941 190

241 1966 325 2005 adn.
356 1966 397 2015 5)
439 1966 573 2004 laudat
599 1967 684 2005 Liv.
715 1978 794 2014 per.
826 1967 874 2004 82
904 1970 942 2003 et
961 1966 1204 2004 Ps-Aurel.
1237 1967 1338 2005 Vict.
1386 1968 1431 2005 de
1459 1968 1529 2007 vir.
1562 1968 1616 2006 ill.
1646 1969 1708 2007 76.

243 2030 320 2070 Sed
360 2032 461 2078 quod
488 2032 590 2080 apud
617 2031 678 2069 Ps.
696 2052 714 2059 -
731 2031 857 2069 Aurel.
889 2032 991 2070 Vict.
1026 2032 1200 2078 proditur
1227 2031 1462 2070 Archelaum
1503 2033 1579 2070 iam
1621 2036 1709 2070 ante

241 2107 411 2144 pugnam
453 2097 555 2143 apud
584 2095 864 2135 Orchomenum
907 2097 1140 2134 commissam
1169 2097 1327 2135 classem
1356 2097 1572 2143 tradidisse,
1614 2098 1711 2135 nihil

242 2161 359 2199 valet.
416 2160 620 2199 Offendere
663 2173 754 2199 sane
782 2166 938 2209 possunt
978 2162 1017 2198 in
1045 2162 1148 2199 Livii
1190 2173 1269 2209 per.
1299 2173 1429 2209 pugna
1458 2161 1709 2200 Orchomenia

243 2231 537 2264 commemorata
564 2228 700 2265 verba:
750 2226 978 2264 ‘Archelaus
1006 2237 1090 2264 cum
1120 2226 1240 2263 classe
1268 2227 1377 2273 regia
1405 2226 1534 2265 Sullae
1563 2239 1603 2265 se
1631 2231 1709 2264 tra-

243 2291 367 2329 didit'.
423 2290 500 2329 Sed
542 2296 716 2339 praestat
743 2296 923 2336 statuere,
967 2292 1256 2339 epitomatorem
1298 2292 1360 2330 hic
1396 2303 1557 2337 errasse,
1600 2303 1710 2339 quam

242 2356 448 2394 Reinachii
476 2358 706 2395 sententiam
733 2358 804 2394 hoc
832 2362 980 2394 tantum
1007 2357 1090 2394 loco
1120 2356 1238 2393 nisam
1268 2357 1383 2403 sequi.

353 2423 405 2458 At
432 2421 633 2460 Neumann
675 2422 710 2469 (I
738 2433 774 2469 p.
804 2422 879 2459 566
909 2425 947 2458 et
976 2420 1068 2468 568)
1113 2420 1265 2458 videtur
1308 2425 1443 2468 putare
1472 2421 1711 2459 Licinianum

246 2485 344 2523 falso
373 2487 612 2524 coniunxisse
641 2498 705 2524 eas
734 2486 986 2530 condiciones,
1016 2496 1110 2532 quae
1138 2486 1314 2532 primitus
1343 2489 1380 2524 et
1409 2497 1484 2530 eas,
1514 2498 1610 2533 quae
1628 2487 1713 2535 ipsa

342 2574 369 2618 1)
395 2574 493 2620 App.
518 2573 640 2610 Mitln.
668 2574 712 2609 55
737 2572 851 2608 tradit
875 2571 1059 2618 praesidia
1083 2571 1234 2608 Pontica
1260 2583 1304 2607 ex
1330 2572 1492 2608 castellis
1509 2572 1712 2618 Europaeis

246 2631 399 2668 reducta
425 2643 518 2668 esse.
569 2633 690 2668 Etiam
715 2632 760 2668 de
786 2632 854 2667 hac
880 2642 921 2666 re
945 2632 1052 2676 putat
1094 2630 1257 2666 Reinach
1283 2634 1425 2668 secreto
1451 2632 1548 2667 inter
1572 2631 1713 2667 Sullam

248 2692 285 2727 et
307 2691 531 2728 Archelaum
571 2691 795 2727 convenisse.
844 2690 917 2727 Sed
953 2701 1040 2725 vera
1065 2701 1175 2725 causa
1212 2691 1280 2726 fuit
1311 2691 1399 2727 alia:
1449 2691 1584 2736 Copiae
1616 2691 1714 2726 enim

246 2750 346 2796 illae,
372 2761 455 2787 cum
479 2752 519 2786 in
544 2751 691 2796 Europa
715 2749 865 2786 inutiles
892 2751 1026 2793 essent,
1052 2749 1091 2784 in
1109 2750 1238 2785 Asiam
1264 2760 1307 2786 eo
1334 2750 1489 2786 consilio
1515 2750 1713 2786 arcessitae

247 2812 346 2855 sunt,
371 2811 412 2846 ut
437 2810 698 2846 Mithradatem
722 2820 744 2845 a
769 2809 934 2845 Fimbria
960 2807 1208 2844 defenderent.
