2066 3448
1054 407 1340 447 -48-

467 534 694 572 Strabonem
739 532 931 568 Posidonii
974 532 1231 568 narrationem
1274 532 1450 578 Appiano
1493 532 1620 569 datam
1662 532 1821 581 esse1):.
1844 543 1936 569 nam·

467 598 665 635 Strabonis
694 598 913 644 primarium
944 597 1086 634 fontem
1115 596 1232 633 fuisse
1250 597 1496 634 Posidonium
1515 598 1615 635 inter
1636 609 1763 635 omnes
1782 600 1931 635 constat

466 662 527 710 (cf.
559 661 650 698 Otto
681 673 715 708 p.
748 661 853 709 2523).
911 660 986 697 Sed
1013 660 1214 707 Appianus
1249 665 1375 697 utrum
1410 661 1508 698 hunc
1543 662 1665 708 ipsum
1699 662 1930 709 excerpserit

467 738 514 763 an
542 738 610 774 per
639 725 864 763 Strabonem
900 726 1239 769 subministratum,
1283 736 1381 762 nunc
1422 725 1460 762 in
1497 726 1609 763 dubio
1645 727 1930 773 relinquendum

464 792 625 834 videtur,
670 801 751 827 cum
794 791 842 827 ad
877 794 1047 828 nostram
1081 790 1337 836 quaestionem
1374 790 1652 827 diiudicandam
1680 791 1825 828 minimi
1853 802 1930 828 mo-

464 856 582 893 menti
610 857 671 893 sit.
726 855 813 892 Hoc
843 859 969 892 autem
997 866 1146 902 semper
1173 855 1374 892 tenendum
1392 855 1470 891 erit
1489 855 1537 892 iis
1556 856 1728 902 partibus
1748 855 1929 903 Appiani,

464 932 560 967 quae
589 921 638 958 ad
666 925 834 957 nostram
863 931 942 957 rem
971 921 1173 967 pertinent,
1203 920 1356 957 subesse
1385 919 1627 957 Posidonium
1638 920 1680 968 ²),
1717 921 1864 957 etiamsi
1892 921 1930 957 in

463 986 565 1022 illam
596 985 741 1022 Klebsii
770 986 997 1022 sententiam
1033 986 1107 1022 iam
1145 985 1207 1022 diu
1241 985 1448 1022 refutatam
1491 988 1529 1022 et
1571 985 1756 1022 abiectam
1797 995 1930 1023 rursus

463 1051 579 1087 rediit
606 1050 854 1087 Bienkowski
881 1051 906 1087 l.
937 1061 966 1087 c.
1003 1062 1039 1097 p.
1069 1053 1092 1087 4
1130 1055 1168 1087 et
1197 1051 1244 1087 37
1280 1051 1391 1098 plane
1432 1050 1613 1096 neglectis
1655 1050 1929 1087 recentioribus

464 1115 624 1152 Arnoldi
654 1121 693 1151 et
721 1114 874 1152 Ottonis
903 1115 1246 1162 disputatiunculis.

602 1180 720 1217 Alter
739 1181 839 1217 inter
859 1180 1077 1227 scriptores,
1108 1180 1172 1227 qui
1190 1191 1251 1217 res
1271 1191 1304 1217 a.
1327 1181 1401 1217 667
1423 1181 1506 1229 (87)
1534 1184 1660 1226 gestas
1678 1179 1929 1224 tradiderunt,

464 1248 596 1282 auctor
617 1246 724 1282 nobis
745 1246 912 1282 occurrit
929 1245 1219 1282 Plutarchus
1247 1245 1287 1282 in
1315 1245 1397 1281 vita
1416 1245 1543 1282 Marii.
1587 1244 1788 1281 Plutarchi
1806 1243 1930 1282 fontes

464 1310 664 1357 explorare
698 1310 816 1347 multo
853 1309 1042 1347 difficilius
1076 1321 1155 1347 esse
1198 1321 1308 1356 quam
1342 1310 1513 1357 Appiani
1552 1311 1628 1347 iam
1669 1310 1815 1357 pridem
1857 1310 1933 1347 viri

465 1375 567 1412 docti
596 1375 959 1412 animadverterunt.
1016 1376 1113 1413 Nam
1143 1387 1224 1413 eum
1255 1376 1316 1413 hic
1343 1387 1464 1422 paene
1493 1387 1640 1422 semper
1668 1386 1782 1412 unum
1810 1375 1929 1422 scrip-

464 1443 584 1476 torem
615 1441 694 1477 sine
723 1441 879 1487 proprio
909 1441 1048 1478 iudicio
1079 1442 1324 1488 excerpserit,
1362 1441 1426 1479 ille
1456 1441 1666 1487 complures
1696 1440 1808 1477 simul
1836 1440 1930 1477 adiit

464 1509 640 1541 auctores
682 1516 883 1551 eorumque
926 1506 1183 1542 narrationem
1225 1517 1338 1553 saepe
1380 1506 1584 1543 contexuit.
1640 1505 1703 1542 Sic
1741 1505 1856 1542 etiam
1890 1505 1930 1542 in

463 1570 542 1606 vita
570 1569 687 1607 Marii
721 1570 969 1607 Posidonium
1010 1571 1195 1617 simulque
1229 1571 1380 1608 Livium
1421 1574 1573 1609 secutus
1616 1573 1685 1613 est,
1728 1569 1931 1618 praeterea

464 1635 712 1672 subsidiarios
742 1636 915 1672 adhibuit
944 1636 1233 1673 commentarios
1259 1635 1399 1673 Sullae.
1455 1635 1550 1672 lllos
1578 1635 1778 1673 Plutarchi
1806 1636 1930 1673 fontes

465 1710 546 1737 esse
587 1700 626 1736 in
669 1701 882 1737 universum
926 1702 999 1738 iam
1042 1706 1144 1738 recte
1186 1702 1430 1738 intellexerat
1457 1701 1587 1738 Peter
1632 1701 1730 1748 „Die
1771 1701 1931 1749 Quellen

463 1763 668 1802 Plutarchs
687 1766 725 1802 in
745 1766 817 1803 den
840 1766 1096 1813 Biographien
1118 1767 1184 1803 der
1202 1767 1370 1803 Romer‘*
1393 1766 1526 1815 (Halis
1549 1766 1664 1815 1865)
1685 1778 1722 1813 p.
1748 1767 1820 1803 100
1837 1777 1927 1813 sqq„

464 1830 503 1866 in
545 1830 704 1877 singulis
739 1836 861 1868 autem
899 1832 1118 1878 quibusdam
1154 1832 1265 1869 rebus
1294 1832 1539 1878 corrigendus
1568 1835 1651 1869 erat
1679 1832 1725 1868 ab
1754 1831 1929 1869 Busoltio

463 1895 487 1932 l.
519 1907 548 1933 c.
579 1907 614 1943 p.
637 1896 711 1933 336
732 1906 786 1942 sq.
819 1900 857 1933 et
877 1897 1040 1943 saepius.
1085 1896 1191 1934 Idem
1211 1897 1408 1934 evidenter
1428 1896 1664 1934 demonstrat
1683 1896 1929 1933 Plutarchum

605 2033 631 2075 1)
658 2030 763 2074 Quod
794 2033 903 2067 etiam
934 2033 1099 2075 coniecit,
1138 2034 1178 2067 ut
1203 2032 1289 2067 Otto
1321 2043 1355 2077 p.
1383 2034 1449 2068 284
1481 2031 1644 2076 adnotat,
1681 2031 1720 2066 B.
1746 2028 1859 2066 NieSe
1894 2031 1933 2065 in

463 2090 586 2125 Herm.
612 2091 731 2126 XXIII
757 2092 879 2134 (1888)
918 2102 953 2137 p.
978 2093 1046 2126 413
1086 2090 1168 2126 adn.
1196 2093 1215 2126 2
1254 2102 1469 2136 comparans
1502 2091 1663 2136 Appiani
1701 2101 1729 2125 c.
1757 2093 1775 2126 7
1803 2102 1856 2137 sq.
1895 2094 1932 2126 et

464 2148 652 2185 Plutarchi
678 2150 756 2185 Tib.
785 2150 937 2186 Gracch.
963 2161 994 2186 c.
1019 2152 1052 2186 S.
1500 2187 1503 2189 ,

604 2210 631 2253 ²)
659 2210 736 2245 Hoc
767 2221 813 2245 ne
838 2210 878 2245 E.
906 2209 1087 2246 Schwartz
1122 2211 1279 2257 quidem,
1318 2211 1419 2247 cuius
1458 2211 1503 2247 de
1527 2212 1696 2257 Appiano
1730 2210 1932 2256 disputatio

464 2269 517 2313 (in
543 2268 669 2313 Pauly,
707 2269 878 2305 Realenc.
904 2270 959 2305 11²
984 2281 1019 2314 p.
1047 2272 1113 2305 216
1133 2271 1228 2315 sqq.)
1259 2270 1366 2305 modo
1397 2271 1436 2305 in
1461 2270 1579 2306 lucem
1611 2269 1758 2315 prodiit,
1795 2279 1932 2314 negare

463 2327 575 2363 audet
614 2327 672 2370 (cf.
698 2340 732 2374 p.
761 2330 827 2365 222
853 2329 976 2374 med),
1015 2340 1236 2375 quamquam
1264 2330 1368 2365 illam
1399 2330 1621 2365 sententiam
1645 2329 1857 2374 Appianum
1888 2340 1932 2364 ex

463 2386 659 2423 Posidonio
691 2387 750 2423 vel
775 2388 956 2424 Strabone
991 2389 1073 2434 ipso
1107 2389 1273 2424 hausisse
1306 2389 1539 2424 vehementer
1563 2389 1766 2434 impugnat.
1815 2388 1930 2423 Immo

464 2446 654 2482 latinum
686 2448 847 2493 aliquem
878 2448 1105 2493 scriptorem,
1139 2448 1203 2494 qui
1227 2448 1463 2483 Posidonium
1488 2448 1631 2483 Livium
1655 2448 1821 2494 aliosque
1847 2458 1931 2484 con-

463 2507 708 2552 taminaverit,
734 2509 860 2543 censet
885 2507 929 2542 ab
947 2507 1116 2553 Appiano
1143 2509 1354 2553 excerptum
1380 2518 1471 2543 esse.
1519 2508 1667 2543 Minime
1693 2509 1817 2543 autem
1840 2507 1931 2542 1111111

462 2568 659 2611 persuasit.
708 2566 803 2603 Satis
843 2569 900 2602 est
936 2567 1004 2602 hoc
1041 2577 1155 2602 unum
1185 2566 1330 2602 afferre:
1369 2566 1424 2602 Ex
1456 2577 1510 2612 eo,
1549 2566 1647 2612 quod
1671 2567 1862 2613 Appianas
1896 2568 1932 2601 et

462 2624 681 2662 Plutarchus
718 2637 792 2662 non
823 2626 941 2662 solum
972 2626 1010 2661 in
1039 2627 1160 2672 rebus,
1197 2626 1261 2661 sed
1294 2626 1403 2661 etiam
1427 2626 1467 2661 in
1491 2626 1581 2671 ipsis
1607 2626 1794 2662 vocabulis
1819 2636 1930 2671 saepe

462 2685 595 2720 mirum
622 2686 661 2720 in
686 2685 836 2721 modum
861 2686 1085 2731 conspirant,
1122 2685 1329 2721 necessario
1361 2696 1443 2721 mea
1468 2685 1615 2731 quidem
1640 2685 1823 2721 sententia
1847 2695 1930 2720 con-

464 2744 685 2780 cludendum
722 2748 779 2781 est
815 2745 861 2780 ab
891 2745 964 2780 illis
1000 2744 1205 2781 adhibitum
1236 2755 1317 2780 esse
1349 2744 1504 2780 eundem
1529 2747 1715 2780 auctorem
1740 2744 1929 2781 Graecum.

463 2803 586 2850 Atque
612 2804 791 2841 accedunt
815 2805 910 2841 aliae
935 2815 1006 2851 res,
1032 2804 1163 2851 quibus
1192 2803 1236 2840 ad
1256 2804 1436 2841 Graecum
1461 2804 1679 2849 scriptorem
1704 2802 1928 2839 adducimur.
