2066 3448
975 414 1262 454 -64-

495 540 568 578 Sed
610 551 682 577 non
725 539 845 576 solum
889 539 1125 586 argumentis
1155 539 1392 576 extrinsecus
1422 540 1560 586 allatis,
1607 547 1703 584 quae
1735 535 1859 572 adhuc

385 605 652 653 spectavimus,
696 605 845 641 scilicet
886 615 1015 641 rerum
1044 604 1283 650 singularum
1326 604 1456 641 ordine
1484 614 1678 651 perverso,
1722 601 1860 638 nititur

388 672 579 707 sententia
607 672 751 712 nostra,
783 680 894 716 quam
926 669 972 706 de
1000 668 1192 706 Liciniani
1221 668 1412 705 scribendi
1441 669 1590 706 ratione
1619 667 1861 716 protulimus.

387 734 665 773 Gravissimum
708 734 833 782 potius
877 738 1139 781 argumentum
1186 733 1273 770 inde
1302 733 1530 780 repetimus,
1580 733 1680 780 quod
1725 742 1861 770 auctor

388 800 601 847 posteriore
643 799 726 836 loco
770 799 889 836 multo
934 800 1108 836 acerbius
1153 798 1199 836 de
1234 798 1419 845 Pompeio
1449 798 1639 836 Strabone
1681 798 1861 835 iudicium

388 865 480 902 iacit
509 876 616 911 quam
648 867 775 901 antea.
832 863 1013 901 Alterum
1043 864 1166 900 locum
1196 863 1390 909 integrum
1411 862 1472 899 hic
1492 863 1732 909 apponimus:
1768 862 1861 901 ‘Nec

388 930 586 967 desinebat
633 929 833 976 Pompeius
880 928 1066 977 in[terim]
1116 929 1274 965 miscere
1323 928 1447 965 omnia
1495 932 1532 964 et
1587 938 1670 964 cum
1726 931 1861 965 senatu

388 995 616 1043 videret[ur]
655 994 824 1031 aversari
860 1004 989 1031 omnes
1018 994 1147 1031 exules
1177 993 1476 1042 m[aximeq(ue)
1506 992 1666 1041 Cin]nae
1696 1003 1860 1038 causam,

387 1061 508 1098 suasit
535 1064 663 1097 tamen
692 1063 734 1096 ut
760 1059 882 1106 legati
903 1071 924 1096 a
945 1058 1063 1096 Cinna
1089 1059 1225 1107 [mis]si
1245 1062 1330 1096 tuto
1350 1058 1636 1105 reciperentur;
1668 1058 1724 1106 e[t
1743 1058 1857 1108 clam]

391 1136 475 1162 cum
497 1125 619 1163 Cinna
650 1125 807 1162 consilia
836 1125 1008 1162 sociabat
1038 1128 1077 1161 et
1095 1124 1251 1162 Octavio
1285 1123 1570 1172 [t]e[g]e[bat].’
1584 1122 1612 1171 ¹)
1642 1144 1691 1150 —
1721 1122 1861 1160 Cinnae

386 1191 615 1238 legationem
660 1190 810 1227 aliunde
852 1201 927 1227 non
971 1193 1206 1236 compertam
1249 1189 1448 1232 habemus3
1494 1188 1534 1225 in
1564 1189 1701 1225 ceteris
1731 1188 1859 1225 verbis

392 1257 478 1294 luce
500 1256 642 1294 clarius
664 1256 889 1303 exprimitur
910 1255 1131 1301 Pompeium
1154 1255 1252 1292 clam
1273 1254 1472 1291 consilia
1501 1253 1860 1291 communicasse

389 1332 484 1359 cum
514 1321 667 1359 Cinna.
725 1321 824 1358 Sane
854 1319 995 1357 Strabo
1038 1320 1143 1358 illam
1179 1319 1329 1358 senatui
1359 1319 1526 1356 excitare
1556 1322 1710 1366 poterat
1738 1319 1860 1365 suspi-

389 1387 546 1434 cionem,
590 1399 633 1425 re
676 1398 769 1424 vera
812 1390 937 1423 autem
983 1396 1067 1422 eum
1096 1386 1270 1433 partibus
1298 1385 1558 1423 Marianorum
1587 1395 1628 1421 se
1657 1384 1861 1430 adiungere

390 1453 552 1491 voluisse
581 1452 734 1490 minime
762 1456 819 1489 est
850 1451 1067 1494 verisimile,
1098 1454 1140 1487 ut
1160 1451 1235 1487 iam
1255 1450 1466 1488 Mommsen
1487 1449 1552 1499 (R.
1574 1448 1621 1486 G.
1643 1449 1687 1487 Π
1705 1461 1740 1497 p.
1765 1448 1860 1499 309)

391 1519 546 1555 monuit.
614 1519 672 1554 An
714 1521 890 1565 putamus
934 1527 1018 1554 eum
1067 1516 1129 1563 qui
1172 1527 1256 1554 cum
1299 1516 1470 1553 Sertorio
1516 1518 1627 1552 atrox
1671 1515 1860 1561 proelium

390 1583 620 1620 commiserit
663 1586 777 1629 atque
807 1582 953 1625 deinde,
998 1585 1041 1618 ut
1069 1582 1198 1618 hostes
1228 1580 1391 1618 Cinnani
1421 1591 1466 1617 ex
1494 1580 1673 1617 Janiculo
1701 1579 1860 1626 repelle-

396 1654 544 1693 rentur,
575 1659 640 1685 sex
669 1648 846 1685 cohortes
876 1646 1037 1684 Octavio
1066 1646 1281 1690 tradiderit,
1313 1657 1395 1682 cum
1418 1645 1537 1683 Cinna
1566 1645 1701 1682 fecisse
1729 1649 1796 1681 aut
1823 1645 1862 1681 in

390 1713 532 1750 Cinnae
561 1718 691 1760 partes
720 1713 884 1750 transire
913 1710 1122 1758 cogitasse?
1179 1710 1301 1757 Quid?
1331 1711 1430 1757 quod
1459 1710 1561 1758 apud
1589 1710 1692 1747 Plut.
1725 1710 1859 1757 Pomp.

390 1791 419 1816 e.
453 1780 487 1823 3,
518 1778 584 1815 ubi
614 1778 730 1814 verba
771 1778 824 1826 τῷ
854 1776 958 1827 πατρὶ
987 1804 994 1812 .
1027 1808 1034 1815 .
1066 1807 1073 1814 .
1106 1808 1113 1814 .
1159 1775 1510 1825 ἀντιτεταγμένῳ
1552 1775 1657 1825 πρὸς
1700 1773 1860 1812 Κίνναν

389 1844 506 1882 nolim
526 1844 720 1890 neglegas,
742 1843 915 1879 audimus
936 1841 1097 1879 Cinnam
1117 1842 1332 1889 corrupisse
1352 1841 1399 1879 L.
1416 1840 1640 1878 Terentium
1660 1840 1857 1887 quendam,

390 1913 432 1946 ut
460 1908 663 1955 Pompeios
692 1912 731 1945 et
759 1913 904 1954 patrem
935 1911 972 1944 et
1001 1906 1122 1943 filium
1152 1917 1172 1943 e
1200 1906 1322 1944 medio
1352 1907 1535 1943 tolleret?
1593 1906 1701 1954 Quae
1733 1909 1858 1942 autem

390 1974 528 2011 Strabo
550 1984 632 2010 cum
654 1972 794 2009 bellum
815 1973 1003 2017 traheret,
1032 1983 1074 2009 re
1096 1983 1185 2008 vera
1205 1971 1242 2008 in
1263 1972 1387 2008 animo
1410 1971 1601 2016 habuerit,
1631 1971 1860 2018 explanatur

389 2039 455 2076 illo
485 2038 678 2076 Liciniani
706 2037 832 2085 priore
876 2037 1029 2081 iudicio,
1074 2037 1175 2083 quod
1218 2036 1354 2073 merito
1397 2036 1472 2073 iam
1513 2036 1762 2074 laudavimus.
1820 2034 1860 2072 Si

390 2103 510 2150 igitur
538 2104 577 2140 iu
605 2103 735 2150 priore
764 2103 955 2150 particula
984 2102 1218 2139 narrationis
1246 2102 1469 2139 Licinianae
1500 2101 1556 2149 (p.
1586 2101 1636 2137 24
1666 2101 1699 2138 B
1728 2101 1754 2138 4
1783 2112 1863 2148 sqq.

391 2173 428 2206 ct
456 2180 492 2215 p.
525 2169 573 2205 ‘22
604 2169 638 2206 B
673 2170 717 2206 17
748 2168 847 2217 sqq.)
891 2168 938 2204 ad
980 2168 1092 2205 fidem
1122 2168 1307 2204 historiae
1336 2167 1522 2204 traditum
1551 2171 1608 2203 est
1636 2166 1863 2213 Pompeium

391 2234 502 2271 tarde
530 2235 680 2281 patriae
711 2245 819 2281 opem
849 2233 997 2270 dedisse
1032 2237 1070 2269 et
1090 2243 1207 2278 usque
1227 2233 1276 2269 ad
1297 2232 1449 2269 comitia
1469 2231 1685 2268 consularia
1705 2236 1864 2278 propter

391 2299 477 2336 illas
507 2310 652 2343 causas,
684 2309 778 2344 quas
806 2298 867 2334 hic
897 2302 1072 2345 repetere
1098 2308 1420 2344 supervacaneum
1441 2300 1510 2338 est.
1541 2297 1679 2333 bellum
1700 2296 1862 2334 voluisse

392 2365 558 2406 trahere,
601 2365 673 2401 hoc
715 2369 843 2401 autem
885 2364 967 2400 loco
1010 2362 1153 2400 iniuria
1192 2362 1250 2399 illi
1293 2362 1442 2399 crimini
1484 2361 1609 2405 datur,
1652 2361 1750 2407 quod
1779 2372 1863 2399 cum

394 2429 515 2467 Cinna
558 2430 718 2467 consilia
762 2429 1111 2472 communicaverit,
1156 2439 1200 2465 ex
1243 2438 1383 2464 summo
1426 2428 1495 2464 hoc
1532 2427 1749 2464 discrimine
1778 2437 1861 2464 mea

396 2495 546 2542 quidem
594 2495 785 2532 sententia
830 2505 899 2541 pro
947 2498 1052 2531 certo
1094 2493 1185 2530 licet
1228 2492 1419 2529 affirmare
1467 2492 1640 2529 diversos
1687 2495 1862 2529 auctores

393 2560 591 2597 Liciniano
620 2564 773 2607 praesto
802 2559 919 2596 fuisse
948 2569 1069 2605 neque
1098 2558 1301 2604 quidquam
1329 2558 1547 2605 perversius
1576 2567 1658 2594 esse
1680 2568 1792 2604 quam
1814 2557 1861 2594 ad

395 2637 510 2663 unum
540 2625 667 2663 omnia
694 2625 840 2662 referre
868 2624 1022 2661 fontem.
1079 2622 1329 2660 Memorabile
1376 2626 1504 2660 autem
1533 2625 1591 2659 est
1618 2622 1720 2660 haud
1749 2621 1863 2659 aliter

491 2755 518 2800 ¹)
544 2754 745 2790 Reicienda
783 2755 840 2789 est
865 2754 1075 2789 coniectura
1101 2752 1183 2788 edd.
1209 2752 1326 2788 Bonn.
1376 2752 1607 2797 ‘detegebat',
1646 2750 1743 2797 quod
1781 2760 1863 2785 cum

395 2825 461 2859 pro
480 2814 599 2859 spatio
618 2814 762 2859 longius
780 2816 858 2849 tum
878 2815 1005 2849 contra
1022 2823 1171 2849 sensum
1190 2814 1256 2848 est.
1282 2833 1322 2837 -—
1349 2811 1518 2856 ‘tegebat’
1539 2821 1630 2847 corr.
1649 2810 1862 2845 Mommsen.
