2066 3448
737 377 1027 418 „55-

144 504 346 542 memoria-z
391 503 566 541 conferas
595 503 702 541 Oros.
732 503 791 548 V,
816 504 873 548 19,
899 504 961 541 17:
1009 503 1146 551 ‘Igitur
1174 504 1322 541 Marius
1351 503 1536 541 coloniam
1566 503 1610 541 vi

142 571 389 615 ingressus
410 568 535 606 omnia
554 569 606 605 ibi
625 579 768 615 genera
788 568 967 612 libidinis,
989 569 1174 606 avaritiae
1195 572 1234 606 et
1253 568 1488 605 crudelitatis
1504 578 1610 605 exer·

143 632 237 671 cuit'
265 637 303 670 et
331 634 465 679 verba,
509 644 605 679 quae
646 633 684 670 in
727 633 908 680 periocha
936 637 1105 670 exstant:
1152 632 1309 670 ‘Ostiam
1339 633 1526 670 coloniam
1554 632 1609 670 M.

141 698 402 744 expugnavi
414 702 430 734 t
447 702 484 735 et
500 698 707 735 crudeliter
723 698 904 745 diripuit.
926 697 1020 735 Cum
1038 699 1135 735 enim
1152 698 1320 742 verbum,
1339 702 1604 745 „expugnare“

140 762 293 810 proprie
321 763 370 800 sit
399 763 664 809 „pugnando
695 767 868 810 capere“‚
898 774 944 800 ex
973 766 1132 809 utroque
1153 763 1235 800 loco
1257 763 1422 800 efficitur
1441 762 1606 800 Marium

139 827 251 864 Livio
283 830 438 864 auctore
479 838 546 874 per
589 828 663 864 vim
693 828 944 874 irruptionem
974 828 1013 865 in
1042 828 1219 874 oppidum
1260 828 1411 871 fecisse,
1455 828 1606 864 minime

138 895 284 937 autem,
329 896 371 928 ut
400 891 565 929 Granius
605 892 735 935 refert,
768 891 879 929 Ostia
922 893 1086 938 potitum
1129 903 1210 929 esse
1244 903 1313 940 per
1340 892 1603 939 proditionem.

138 955 224 993 Hoc
266 956 467 994 discrimen
498 960 644 993 tantum
674 967 756 994 esse
791 960 895 1003 puto,
939 960 982 993 ut
1009 957 1163 994 Livium
1192 957 1382 994 Liciniani
1410 960 1605 994 auctorem

139 1032 213 1058 non
255 1021 371 1059 fuisse
415 1022 658 1058 manifestum
686 1022 744 1059 sit.
804 1020 971 1059 Granius
1000 1022 1071 1059 1100
1100 1033 1245 1068 quoque
1273 1023 1356 1059 1000
1387 1022 1607 1069 comprobat

139 1087 267 1132 potius
309 1090 347 1123 et
375 1088 528 1134 supplet
557 1098 618 1130 ea,
662 1097 759 1133 quae
802 1087 902 1134 apud
930 1087 1034 1124 Plut.
1066 1099 1096 1124 c.
1127 1088 1177 1124 42
1207 1087 1450 1125 exhibentur:
1494 1085 1606 1127 Τέλος

137 1150 177 1187 δὲ
218 1150 281 1200 τὴν
324 1150 463 1188 Ὠστίαν
508 1151 615 1201 αὐτὴν
647 1151 765 1201 λαβὼν
810 1151 857 1190 ἐγ,
899 1152 1137 1202 προδοσίας
1165 1152 1281 1200 adst)
1338 1152 1539 1199 Appianus
1566 1151 1604 1188 in

135 1215 351 1253 universum
367 1220 515 1254 tantum
531 1215 754 1255 diciUOma
771 1216 861 1254 εἷλε
877 1217 936 1255 καὶ
952 1216 1130 1266 διήρπαζε,
1153 1229 1264 1264 quam
1285 1217 1602 1264 expugnationem

137 1281 412 1319 observandum
443 1286 500 1320 est
529 1282 642 1319 etiam
685 1282 787 1329 apud
816 1293 901 1319 eum
930 1283 1036 1328 sequi
1065 1283 1253 1320 exercitus
1283 1282 1601 1319 distributionem.

239 1347 322 1384 Iam
364 1347 584 1384 Licinianus
625 1347 725 1384 redit
773 1347 820 1384 ad
863 1347 1108 1394 Pompeium:
1158 1347 1250 1385 ‘Nec
1297 1346 1534 1395 [Po]mpeius
1583 1357 1603 1383 a

136 1409 307 1449 Sertorio
342 1411 501 1460 bel[lum
545 1412 763 1460 a]bstinuit,
809 1412 874 1449 sed
903 1413 1027 1459 palam
1057 1412 1300 1460 pug[na]vit‘.
1357 1412 1465 1449 Idem
1493 1422 1603 1458 proe-

134 1478 228 1514 lium
257 1476 365 1514 Oros.
396 1476 451 1522 V,
476 1478 534 1522 19,
560 1476 607 1513 10
636 1477 717 1514 sine
745 1477 858 1514 dubio
888 1477 926 1513 in
955 1477 1079 1514 animo
1109 1477 1235 1519 habet,
1265 1487 1348 1514 cum
1376 1475 1602 1514 Strabonem

135 1545 405 1589 ‘contemptum
448 1553 470 1579 a
499 1542 622 1579 Mario
667 1542 726 1579 vel
754 1541 876 1579 Cinna
918 1542 964 1579 ad
994 1541 1191 1579 Octavium
1222 1542 1382 1579 alterum
1412 1543 1602 1579 consulem

133 1618 216 1645 sese
259 1607 463 1644 contulisse
506 1611 543 1643 et
585 1617 671 1643 mox
714 1617 797 1644 cum
840 1607 1010 1644 Sertorio
1055 1606 1276 1644 conflixisse'
1320 1607 1422 1644 dicit.
1479 1606 1601 1654 Quam

134 1683 296 1719 pugnam
326 1677 405 1709 tum
435 1672 649 1709 accuratius
679 1672 858 1709 describit
888 1676 927 1708 et
954 1675 1086 1709 narrat
1113 1672 1184 1709 hoc
1204 1672 1287 1709 loco
1308 1671 1474 1708 fabulam
1493 1671 1600 1708 illam

132 1738 179 1775 (10
207 1737 328 1774 milite
356 1736 598 1783 Pompeiano,
629 1736 691 1783 qui
720 1736 880 1773 fratrem
909 1737 990 1784 ipse
1017 1737 1167 1775 occidit.
1215 1737 1260 1774 In
1288 1736 1389 1773 Livii
1418 1736 1598 1783 periocha

132 1812 262 1848 pugna
289 1812 363 1839 non
393 1805 688 1839 commemorata
717 1806 784 1847 est,
815 1806 942 1839 tamen
963 1805 1088 1839 exstat
1106 1802 1390 1839 narratiuncula
1416 1801 1496 1843 illa,
1526 1811 1601 1847 qua

131 1867 178 1904 de
205 1865 390 1904 fratribus
419 1867 560 1913 agitur,
606 1869 718 1912 atque
751 1866 879 1903 eodem
907 1866 990 1904 loco
1020 1877 1093 1912 quo
1125 1866 1224 1913 apud
1253 1865 1450 1903 Orosium:
1497 1869 1600 1903 ante

131 1931 452 1979 expugnationem
473 1930 618 1975 Ostiae,
649 1942 744 1977 quae
772 1931 873 1978 apud
901 1931 984 1969 Lic.
1015 1931 1287 1978 praemittitur.
1328 1931 1387 1967 Ex
1416 1931 1488 1969 hoc
1507 1941 1600 1977 quo-

129 2007 201 2043 que
229 1996 379 2034 inverso
410 1996 541 2034 ordine
569 1995 732 2033 fortasse
762 1996 862 2033 effici
891 2000 1018 2043 potest
1045 1995 1288 2033 Licinianum
1316 2007 1391 2033 non
1421 2006 1467 2032 ex
1485 1995 1597 2033 Livio

129 2061 317 2106 hausisse,
362 2071 585 2108 quamquam
629 2061 698 2098 hoc
739 2061 924 2098 incertum
968 2071 1048 2097 esse
1092 2060 1264 2098 concedo.
1321 2059 1432 2107 Quod
1475 2063 1600 2096 autem

132 2126 233 2164 Vell.
262 2126 312 2170 ΙΙ,
334 2127 397 2172 21,
418 2126 441 2163 3
472 2126 590 2163 tradit
620 2125 714 2163 illud
742 2125 925 2172 proelium
960 2126 1062 2162 inter
1089 2125 1314 2172 Pompeium
1343 2128 1382 2162 et
1413 2124 1598 2162 Cinnam

128 2191 367 2229 commissum
383 2202 477 2235 esse,
493 2191 593 2228 hunc
607 2202 771 2228 errorem
788 2191 867 2228 eius
882 2190 1051 2228 incuriae
1068 2194 1107 2227 et
1121 2190 1358 2228 festinationi
1372 2189 1599 2227 tribuemus.

125 2256 226 2295 Nam
256 2256 447 2294 exercitus
475 2268 512 2304 p.
542 2256 591 2293 53
622 2256 709 2294 adn.
738 2257 764 2293 4
784 2256 1123 2293 demonstravimus
1151 2255 1208 2292 ita
1237 2255 1440 2302 dispositos
1468 2253 1596 2299 fuisse,

127 2324 171 2359 ut
211 2332 340 2369 pugna
381 2332 455 2358 non
496 2325 626 2368 posset
659 2321 748 2358 iniri
777 2321 852 2358 nisi
879 2321 982 2358 inter
1009 2319 1232 2367 Pompeium
1261 2323 1298 2357 et
1327 2319 1595 2357 Sertorium.

126 2386 330 2434 Appianus
359 2389 398 2423 et
425 2386 653 2424 Plutarchus
697 2385 856 2432 denique
890 2386 987 2422 hanc
1021 2396 1099 2422 rem
1130 2385 1240 2432 plane
1267 2385 1594 2432 praetermittunt.

233 2450 376 2489 Paucis
397 2451 533 2489 deinde
555 2451 600 2488 de
619 2451 770 2498 legatis,
792 2451 856 2497 qui
876 2454 964 2498 post
982 2450 1076 2487 illud
1095 2450 1282 2497 proelium
1300 2449 1402 2487 ultro
1421 2449 1595 2495 citroque

219 2597 248 2641 ¹)
273 2598 407 2633 Mirum
445 2600 502 2633 est
539 2596 720 2643 quomodo
757 2597 854 2631 viros
893 2596 1019 2631 doctos
1046 2595 1165 2631 adhuc
1191 2594 1360 2638 effugerit
1384 2595 1475 2630 haec
1497 2594 1596 2630 inter

123 2654 363 2692 Plutarchum
388 2658 424 2692 et
440 2656 584 2692 Livium
601 2655 859 2701 discrepantia,
878 2666 949 2701 qua
967 2654 1227 2700 comprobatur
1244 2665 1273 2690 c.
1291 2655 1335 2690 42
1355 2653 1594 2689 Plutarchum

121 2714 196 2750 iam
220 2726 295 2751 non
317 2715 438 2752 redire
464 2714 510 2750 ad
535 2714 691 2750 Livium.
