2066 3448
917 418 1204 458 „74-

445 544 487 582 Si
517 545 732 582 universum
762 544 833 581 hoc
862 546 976 590 caput
1004 543 1373 590 perlustraverimus‚
1403 543 1517 581 facile
1536 544 1807 592 perspiciemus

338 611 378 648 id
430 610 549 646 multo
603 609 724 646 minus
777 608 968 656 copiosum
1024 613 1317 654 accuratumque
1370 619 1451 645 esse
1504 620 1615 656 quam
1669 609 1806 646 bellum

337 675 566 713 Cimbricum
624 678 664 711 et
717 674 857 711 bellum
909 673 1029 710 civile.
1106 673 1213 721 Quae
1263 673 1309 710 de
1351 673 1497 720 proelio
1543 674 1805 722 comperimus,

337 739 452 777 exilia
504 742 611 784 sunt,
658 749 757 775 nova
802 739 898 775 haec
944 741 1104 775 tantum:
1181 737 1393 786 Dorylaum
1439 738 1558 776 LXX
1603 739 1807 786 quadrigas

336 804 496 842 falcatas
539 815 667 841 secum
711 803 863 840 duxisse
893 807 930 840 et
958 803 1042 850 plus
1070 802 1187 841 XXV
1217 802 1324 840 milia
1352 803 1547 840 hominum
1577 815 1598 840 a
1625 804 1807 841 Romanis

329 873 449 917 capta
491 879 583 905 esse.
640 868 751 916 Quod
794 872 919 904 autem
953 867 1001 904 ad
1029 867 1140 904 fidem
1169 867 1388 905 historicam
1419 868 1569 913 attinet,
1599 880 1673 906 non
1702 868 1806 905 dubi-

336 934 500 971 tabimus
521 944 605 970 eum
634 943 828 970 numerum
851 933 1057 980 copiarum,
1089 932 1149 970 cui
1177 932 1457 970 Licinianus
1486 933 1577 970 dicit
1595 933 1807 981 Dorylaum

336 998 560 1046 praefuisse,
592 1009 676 1035 cum
705 998 828 1034 minor
848 998 910 1043 sit,
933 998 1130 1045 praeferre
1151 998 1197 1043 ei,
1229 998 1292 1044 qui
1313 1009 1358 1035 ex
1379 996 1507 1035 Sullae
1529 998 1808 1035 commentariis

337 1068 508 1111 sumptus
537 1067 608 1108 est,
637 1064 862 1110 praesertim
893 1074 975 1100 cum
995 1063 1138 1100 Sullam
1168 1066 1316 1100 constet
1345 1074 1459 1110 saepe
1488 1073 1663 1100 numeros
1691 1063 1808 1100 falsos

336 1129 552 1166 tradidisse.
596 1127 778 1165 Forsitan
814 1128 999 1174 quispiam
1030 1131 1139 1175 putet
1168 1139 1253 1165 eum
1282 1132 1489 1172 auctorem,
1521 1139 1629 1174 quem
1657 1132 1808 1165 secutus

338 1193 636 1237 estLicinianus,
658 1193 925 1230 aMithradate
942 1193 1095 1230 stetisse
1114 1193 1359 1239 consultoque
1375 1193 1611 1239 perhibuisse
1626 1193 1808 1229 minorem

337 1259 534 1306 copiarum
562 1269 771 1295 numerum.
815 1257 890 1295 Sed
919 1269 1003 1295 cum
1031 1259 1103 1295 hac
1132 1258 1306 1305 opinione
1336 1261 1482 1305 pugnat
1508 1269 1591 1294 cum
1611 1261 1714 1294 totus
1733 1257 1808 1294 loci

337 1328 447 1361 tenor
474 1328 553 1361 tum
582 1325 717 1362 verba:
767 1323 943 1361 ‘hostium
978 1323 1259 1360 multitudinem
1295 1323 1690 1360 innumerabilem
1719 1332 1808 1360 con-

339 1389 539 1437 cidunt'.1)

443 1455 485 1491 In
528 1454 744 1490 universum
786 1453 1008 1490 Licinianus
1051 1453 1197 1490 fontem
1246 1453 1398 1491 videtur
1448 1453 1559 1490 valde
1603 1453 1641 1489 in
1683 1456 1808 1489 artum

338 1520 582 1557 contraxisse.
640 1519 725 1555 Hoc
767 1519 939 1565 inprimis
983 1519 1265 1556 demonstratur
1311 1519 1508 1556 enuntiato
1551 1518 1602 1567 (B
1639 1518 1661 1554 8
1692 1516 1806 1565 sqq.):

340 1585 465 1631 ‘Regii
499 1585 563 1631 qui
598 1584 856 1632 A[b]der[a]e
886 1583 1158 1631 praesidebant
1187 1584 1311 1631 captis
1340 1583 1532 1631 Philippis
1562 1583 1808 1620 dilabuntur'.

339 1650 459 1696 Quam
500 1661 582 1687 rem
624 1649 777 1686 aliunde
806 1660 881 1686 non
909 1649 1184 1695 cognoscimus.
1239 1649 1410 1696 Philippi
1439 1660 1515 1685 non
1544 1651 1699 1696 possunt
1729 1658 1810 1684 esse

343 1715 548 1762 expugnati
592 1715 665 1752 nisi
707 1726 775 1762 per
818 1714 1054 1763 Flaccum‚²)
1102 1715 1166 1761 qui
1207 1718 1332 1751 tamen
1376 1714 1477 1761 apud
1506 1712 1693 1751 Granium
1735 1723 1810 1750 non

344 1784 672 1818 commemoratur.
709 1780 756 1817 In
776 1779 879 1817 fonte
900 1780 980 1817 eius
1001 1779 1228 1817 censendum
1248 1784 1306 1817 est
1327 1779 1606 1826 expeditionem
1628 1790 1650 1815 a
1668 1778 1808 1815 Flacco

337 1855 407 1892 per
435 1844 697 1882 Macedoniam
732 1850 771 1883 et
798 1844 1001 1882 Thraciam
1036 1845 1178 1882 factam
1207 1845 1277 1882 hoc
1306 1844 1388 1882 loco
1419 1844 1650 1891 descriptam
1678 1842 1808 1880 fuisse.

443 1909 593 1948 Deinde
629 1911 823 1957 aliquanto
854 1910 1040 1957 copiosius
1069 1909 1273 1958 exponitur
1303 1909 1349 1947 de
1377 1910 1484 1957 pacis
1513 1908 1808 1951 condicionibus,

338 1975 383 2011 de
411 1975 547 2022 quibus
576 1986 645 2022 per
674 1986 850 2022 magnum
881 1975 1065 2022 temporis
1093 1975 1259 2022 spatium
1289 1979 1415 2011 actum
1436 1984 1516 2011 esse
1533 1973 1656 2021 (App.
1677 1971 1807 2009 Mithr.

337 2039 506 2086 54—58,
535 2040 644 2083 Plut‚
687 2039 781 2078 Sull.
813 2041 897 2077 227-
921 2039 987 2089 24)
1016 2040 1188 2077 indicant
1216 2040 1334 2077 verba
1362 2040 1508 2086 ‘quibus
1537 2038 1602 2076 ille
1631 2037 1809 2075 tandem

336 2105 489 2152 paruit'.
545 2106 605 2143 Ex
646 2105 774 2143 verbis
816 2116 913 2152 quae
945 2114 1156 2152 sequuntur
1190 2109 1285 2142 ‘nam
1317 2109 1356 2141 et
1382 2103 1579 2141 Fimbriae
1607 2103 1810 2141 adventum

336 2170 509 2215 timebat,
538 2176 581 2207 ut
609 2182 708 2208 mox
737 2170 904 2207 ordine
932 2170 1166 2207 indicabo'
1195 2180 1326 2207 rursus
1348 2169 1473 2206 elucet
1493 2168 1662 2205 ordinem
1682 2178 1810 2204 rerum

339 2235 455 2272 alium
485 2246 567 2272 esse
597 2235 698 2283 apud
727 2235 971 2272 Licinianum
1001 2235 1118 2272 alium
1147 2235 1249 2282 apud
1277 2234 1444 2279 Livium,
1476 2244 1586 2280 quem
1605 2232 1809 2281 periochae

431 2353 458 2398 1)
485 2352 649 2396 Quantas
676 2351 800 2397 copias
827 2351 1089 2396 Archelaus,
1117 2352 1175 2386 cui
1202 2351 1313 2386 ceteri
1339 2352 1507 2386 auctores
1527 2349 1558 2384 X
1575 2349 1677 2385 milia
1694 2348 1810 2384 homi-

335 2422 423 2447 num
460 2410 574 2447 fuisse
612 2413 781 2454 narrant,
826 2410 1027 2446 secundum
1068 2409 1142 2446 Lic.
1182 2410 1392 2455 collegerit,
1431 2420 1475 2444 ex
1507 2408 1613 2444 valde
1638 2408 1810 2444 mutilata

337 2471 405 2507 col.
430 2471 464 2506 A
494 2473 536 2507 14
563 2481 616 2517 sq.
647 2470 809 2515 intelligi
834 2481 908 2505 non
933 2471 1069 2515 potest.
1095 2469 1186 2505 Edd.
1213 2469 1329 2504 Bonn.
1357 2469 1567 2504 coniectura
1592 2467 1809 2504 ‘Archelaus

335 2530 396 2565 ubi
425 2530 693 2576 [septuaginta]
723 2529 870 2565 circiter
897 2528 1062 2574 [mi]l[i]a
1088 2557 1096 2564 .
1125 2556 1132 2563 .
1159 2557 1167 2564 .
1195 2528 1407 2573 collegerat'
1433 2527 1531 2563 unde
1557 2529 1638 2563 orta
1664 2527 1712 2563 sit
1736 2538 1810 2563 non

336 2589 454 2633 video.
504 2589 565 2625 An
610 2587 769 2633 intelligi
793 2588 921 2624 volunt
946 2587 1044 2623 hunc
1069 2598 1264 2623 numerum
1291 2587 1336 2623 de
1362 2588 1568 2623 coniunctis
1594 2586 1749 2632 Dorylai
1774 2587 1811 2622 et

335 2648 510 2684 Archelai
536 2648 651 2694 copiis
680 2648 737 2691 (50
749 2649 876 2687 OOO-l—
892 2649 937 2683 20
952 2649 1022 2683 000
1050 2646 1139 2694 pp?
1181 2646 1253 2683 Sed
1281 2647 1609 2693 quomodocunque
1632 2646 1808 2691 iudicant,

336 2707 547 2756 coniectura
573 2709 614 2743 ut
638 2718 770 2753 parum
796 2706 950 2742 fundata
976 2717 996 2741 e
1021 2706 1124 2742 libris
1152 2706 1376 2742 removenda
1402 2708 1468 2742 est.

430 2767 457 2811 ²)
484 2767 534 2802 Ut
557 2768 658 2802 recte
683 2767 812 2802 contra
836 2765 1108 2801 Mommsenum
1132 2765 1189 2811 (R.
1219 2764 1261 2803 G.
1287 2765 1322 2801 II
1340 2776 1376 2811 p.
1395 2766 1479 2811 295)
1498 2766 1630 2811 putant
1646 2763 1809 2800 Reinach

334 2835 370 2870 p.
399 2826 464 2860 185
491 2827 529 2860 et
552 2824 745 2861 Francken
770 2836 804 2870 p.
832 2826 911 2861 257.
