2066 3448
765 362 1026 404 -9-

164 503 233 540 pro
263 491 486 528 Mezentius’
517 490 564 528 cf.
586 490 801 528 Brambach
835 490 931 535 „Die
959 490 1270 537 Neugestaltung
1299 489 1366 527 der
1395 490 1461 527 lat.
1493 488 1632 527 Ortho-

163 556 347 603 graphie“
376 554 498 604 (Lips.
531 554 650 602 1868)
679 566 714 601 p.
747 554 877 603 2821)

269 620 536 658 Archelavo
580 623 617 657 et
660 620 960 658 Archelavus
1003 620 1056 669 (p.
1088 621 1137 657 32
1168 620 1200 657 Β
1234 621 1280 657 12
1311 623 1349 657 et
1379 619 1446 668 22)
1488 620 1632 657 inserto

163 685 393 732 digammate
423 685 470 722 cf.
501 685 720 722 Menolavus
748 686 787 722 in
817 685 856 722 C.
886 685 918 722 1.
950 685 994 723 L.
1015 685 1037 722 1
1060 685 1171 732 1213,
1203 685 1420 723 Menelavos
1450 684 1490 721 II
1520 685 1634 729 2135,

164 749 389 789 Oinomavos
408 750 430 787 1
446 750 507 796 60,
524 749 762 788 Archelavos
790 749 850 787 VI
867 750 980 794 8730,
998 750 1202 789 Nicolavus
1217 751 1253 787 X
1270 750 1385 795 3073,
1415 750 1476 789 Vi
1491 750 1633 794 22970,

165 815 390 853 Menelavus
416 815 541 852 Plaut.
572 815 714 854 Bacch.
746 815 821 852 946
852 815 907 864 (in
938 815 1017 852 cod.
1048 815 1168 863 B.).2)

268 880 352 917 Iam
395 880 565 918 breviter
594 879 884 926 consideremus,
930 880 1020 926 quid
1056 881 1282 918 censendum
1316 881 1367 918 sit
1399 880 1445 918 de
1473 880 1634 921 ratione.

164 955 239 991 qua
255 943 494 993 Comparetti
511 948 549 983 et
563 945 722 991 Madvig
742 945 942 992 scriptoris
958 948 1107 992 tempus
1124 945 1379 983 determinare
1394 945 1632 982 studuerunt.

162 1009 236 1047 Ille
279 1010 429 1056 quidem
474 1010 699 1047 historicum
728 1010 796 1046 sub
826 1009 1044 1049 Domitiano
1074 1010 1308 1056 imperatore
1338 1010 1455 1047 fuisse
1484 1009 1633 1053 conicit,

165 1086 248 1112 cum
279 1086 363 1112 eum
392 1075 550 1113 eundem
580 1086 661 1112 esse
691 1077 838 1111 statuat
866 1077 982 1121 atque
1012 1074 1253 1111 Licinianum
1285 1075 1483 1121 quendam,
1523 1085 1634 1121 quem

164 1140 354 1178 Martialis
369 1140 454 1178 149
471 1144 510 1178 et
525 1141 569 1177 61
590 1139 722 1177 laudat
750 1143 791 1176 ut
821 1140 1015 1186 aequalem
1047 1140 1269 1187 scriptorem
1287 1139 1634 1187 praeclarissimum

162 1205 201 1242 in
247 1205 375 1252 patria
421 1206 515 1242 urbe
556 1205 692 1242 Bilbili
737 1204 944 1242 florentem.
1002 1206 1060 1242 Ab
1108 1206 1180 1243 hoc
1227 1208 1354 1243 autem
1398 1205 1631 1253 Comparetti

164 1270 364 1317 seiungere
406 1270 487 1307 vult
529 1274 568 1307 et
603 1269 791 1307 Granium
824 1270 1002 1307 Flaccum
1046 1275 1085 1308 et
1127 1270 1315 1308 Granium
1344 1270 1583 1308 Licinianum
1614 1281 1636 1307 a

164 1334 359 1372 Macrobio
402 1339 441 1372 et
482 1334 616 1374 Servio
661 1335 907 1383 appellatum.
961 1335 1002 1372 Is
1030 1335 1271 1381 Licinianus,
1315 1347 1425 1383 quem
1466 1335 1637 1373 nominat

165 1400 371 1444 Martialis,
413 1411 527 1447 saepe
569 1400 667 1438 idem
711 1401 953 1438 existimatur
997 1404 1110 1447 atque
1153 1400 1370 1438 Valerius
1399 1401 1632 1445 Licinianus,

165 1465 229 1512 qui
257 1465 422 1502 occurrit
450 1465 552 1512 apud
581 1465 683 1503 Plin.
715 1477 771 1513 ep.
803 1466 841 1508 4,
875 1468 916 1503 11
952 1465 1020 1514 (cf.
1051 1465 1200 1503 Teuffel
1229 1466 1319 1511 326,
1353 1466 1428 1515 15).
1487 1467 1539 1503 At
1566 1476 1634 1503 nos

164 1532 341 1577 putamus
382 1530 565 1567 historico
599 1541 735 1568 nomen
770 1530 887 1568 fuisse
915 1530 1091 1568 Granio
1120 1531 1332 1569 Liciniano.
1390 1530 1465 1569 Sed
1485 1531 1636 1569 etiamsi

167 1595 247 1641 quis
283 1605 422 1632 nomen
450 1595 594 1641 gentile
624 1595 684 1643 (et
712 1596 863 1633 Valerii
891 1597 928 1634 et
958 1595 1113 1645 Granii)
1143 1599 1186 1633 ut
1221 1597 1410 1634 incertum
1438 1596 1631 1643 neglegat,

166 1662 296 1697 tamen
324 1670 460 1697 nomen
488 1659 678 1697 Liciniani
707 1672 780 1698 non
809 1664 887 1698 tam
916 1672 1047 1698 rarum
1077 1664 1148 1706 est,
1177 1664 1220 1697 ut
1249 1661 1336 1698 illos
1364 1661 1466 1698 inter
1494 1672 1534 1698 se
1563 1671 1634 1697 non

166 1724 336 1762 diversos
365 1735 448 1762 esse
476 1726 730 1762 necessarium
760 1726 819 1763 vel
849 1726 1053 1763 verisimile
1082 1726 1142 1763 sit.
1188 1726 1363 1771 Accedit,
1393 1726 1492 1772 quod
1519 1737 1634 1773 supra

164 1789 423 1826 intelleximus
452 1789 690 1827 Licinianum
720 1790 943 1837 posteriore,
975 1802 1085 1837 quam
1114 1789 1352 1837 Comparetti
1382 1795 1506 1838 putat,
1540 1794 1634 1828 tem-

163 1865 254 1902 pore
282 1853 466 1892 floruisse.
524 1855 760 1902 Quamquam
780 1856 813 1892 si
833 1854 1136 1903 Comparettium
1156 1856 1360 1903 sequimur,
1390 1856 1474 1894 fieri
1494 1860 1634 1903 potest,

165 1923 209 1956 ut
236 1919 332 1956 illud
361 1920 407 1956 de
427 1919 610 1957 Sallustio
632 1920 812 1958 iudicium
832 1921 1046 1958 Domitiani
1066 1932 1216 1967 quoque
1237 1921 1472 1969 temporibus
1493 1921 1634 1958 factum

164 1984 227 2028 sit,
258 1995 341 2021 cum
361 1984 615 2022 Frontoniani
644 1996 718 2022 non
747 1986 860 2033 primi
881 1985 1055 2024 Sallustii
1085 1987 1262 2034 operibus
1292 1987 1502 2032 studerent,
1532 1987 1631 2032 quod

165 2053 208 2087 ut
237 2049 473 2088 demonstret
502 2050 611 2088 affert
632 2049 763 2089 Senec.
785 2050 914 2089 Contr.
936 2051 1011 2098 III,
1042 2053 1077 2097 3,
1107 2052 1222 2090 Mart.
1253 2051 1361 2097 XIV,
1394 2053 1481 2098 191,
1502 2052 1631 2100 Quint.

165 2115 253 2152 inst.
283 2115 330 2159 X,
364 2115 395 2152 1.
453 2114 526 2153 Sed
555 2115 594 2153 id
622 2115 759 2163 ipsum,
789 2117 889 2162 quod
918 2116 1124 2154 Sallustius
1153 2118 1294 2155 dicitur
1330 2122 1510 2163 orator,
1553 2128 1637 2154 mea

164 2180 315 2226 quidem
335 2180 527 2218 sententia
546 2192 616 2218 nos
636 2181 790 2219 deducit
809 2182 858 2219 ad
878 2186 1069 2220 oratorem
1088 2183 1334 2221 Frontonem.
1348 2184 1379 2231 ³)
1425 2182 1638 2220 Praeterea

264 2333 290 2378 1)
318 2331 414 2368 Sane
439 2332 555 2369 multo
582 2334 804 2379 posteriores
831 2345 977 2380 quoque
996 2335 1102 2371 latini
1120 2336 1318 2381 scriptores
1337 2338 1379 2372 ut
1397 2336 1528 2381 Seript.
1556 2336 1637 2371 hist.

165 2391 260 2437 Aug.
285 2391 471 2427 interdum
515 2392 594 2436 „di“
635 2393 864 2439 scripserunt
888 2405 953 2439 pro
993 2396 1054 2439 „z“
1089 2394 1260 2437 (fortasse
1283 2395 1370 2431 inde
1395 2407 1417 2431 a
1442 2395 1638 2430 Frontonis

167 2452 368 2497 temporeP)
403 2450 446 2486 cf.
466 2450 677 2497 Schneider,
695 2452 774 2489 Lat.
795 2452 955 2489 Gramm.
972 2453 989 2488 Ι
1006 2465 1040 2499 p.
1060 2455 1128 2490 385
1148 2456 1185 2490 et
1202 2453 1374 2499 Corssen,
1401 2454 1638 2500 Aussprache

165 2522 199 2546 u.
226 2509 423 2546 Vocalism.
470 2510 503 2545 Ι2
528 2522 563 2556 p.
591 2513 669 2548 216.

263 2582 289 2627 ²)
315 2581 371 2617 De
396 2581 524 2618 formis
550 2583 847 2620 Ariobardianen
874 2586 910 2620 et
929 2585 1155 2621 Archelavus
1176 2585 1316 2621 Teuffel
1340 2586 1413 2620 iam
1430 2587 1638 2621 monuerat.

261 2653 289 2698 ³)
318 2652 372 2689 Cf.
397 2654 504 2699 epist.
530 2654 576 2690 ad
592 2654 638 2690 M.
659 2655 855 2691 Caesarem
880 2655 941 2702 IV,
967 2657 988 2691 3
1014 2667 1048 2701 p.
1077 2658 1120 2692 62
1140 2656 1195 2692 ed.
1222 2656 1363 2693 Naber:
1389 2657 1637 2693 ‘oratorum

166 2713 251 2758 post
275 2712 441 2748 homines
459 2714 565 2748 natos
583 2725 678 2750 unus
697 2715 859 2750 omnium
876 2715 921 2751 M.
941 2715 1091 2751 Porcius
1110 2717 1263 2762 eiusque
1288 2715 1460 2763 frequens
1479 2718 1640 2752 sectator

165 2770 204 2807 C.
233 2771 453 2808 Sallustius’.
