<?xml version="1.0" encoding="UTF-8"?>
<!DOCTYPE html PUBLIC "-//W3C//DTD XHTML 1.0 Transitional//EN"
    "http://www.w3.org/TR/xhtml1/DTD/xhtml1-transitional.dtd">
<html xmlns="http://www.w3.org/1999/xhtml" xml:lang="en" lang="en">
 <head>
  <title>
</title>
<meta http-equiv="Content-Type" content="text/html;charset=utf-8" />
  <meta name='ocr-system' content='tesseract 3.04.00' />
  <meta name='ocr-capabilities' content='ocr_page ocr_carea ocr_par ocr_line ocrx_word'/>
</head>
<body>
  <div class='ocr_page' id='page_1' title='image "./degraniilicinian00diecuoft_0071.png"; bbox 0 0 2066 3448; ppageno 0'>
   <div class='ocr_carea' id='block_1_1' title="bbox 773 409 1063 447">
    <p class='ocr_par' dir='ltr' id='par_1_1' title="bbox 773 409 1063 447">
     <span class='ocr_line' id='line_1_1' title="bbox 773 409 1063 447; baseline 0 -11"><span class='ocrx_word' id='word_1_1' title='bbox 773 409 1063 447; x_wconf 65' lang='lat'>—51-</span> 
     </span>
    </p>
   </div>
   <div class='ocr_carea' id='block_1_2' title="bbox 167 534 1639 1359">
    <p class='ocr_par' dir='ltr' id='par_1_2' title="bbox 167 534 1639 1359">
     <span class='ocr_line' id='line_1_2' title="bbox 171 534 1635 584; baseline 0 -10"><span class='ocrx_word' id='word_1_2' title='bbox 171 537 269 584; x_wconf 86' lang='lat' dir='ltr'><strong>quod</strong></span> <span class='ocrx_word' id='word_1_3' title='bbox 296 537 397 573; x_wconf 85' lang='lat' dir='ltr'><strong>inter</strong></span> <span class='ocrx_word' id='word_1_4' title='bbox 417 535 463 574; x_wconf 83' lang='lat' dir='ltr'><strong>P.</strong></span> <span class='ocrx_word' id='word_1_5' title='bbox 485 541 523 571; x_wconf 89' lang='lat' dir='ltr'><strong>et</strong></span> <span class='ocrx_word' id='word_1_6' title='bbox 542 534 579 572; x_wconf 78' lang='lat' dir='ltr'><strong>S.</strong></span> <span class='ocrx_word' id='word_1_7' title='bbox 601 535 683 572; x_wconf 86' lang='lat' dir='ltr'><strong>fuit&#39;</strong></span> <span class='ocrx_word' id='word_1_8' title='bbox 716 538 830 581; x_wconf 89' lang='lat' dir='ltr'><strong>atque</strong></span> <span class='ocrx_word' id='word_1_9' title='bbox 858 535 928 571; x_wconf 88' lang='lat' dir='ltr'><strong>hoc</strong></span> <span class='ocrx_word' id='word_1_10' title='bbox 958 534 1105 571; x_wconf 87' lang='lat' dir='ltr'><strong>demum</strong></span> <span class='ocrx_word' id='word_1_11' title='bbox 1133 535 1214 572; x_wconf 93' lang='lat' dir='ltr'><strong>loco</strong></span> <span class='ocrx_word' id='word_1_12' title='bbox 1244 535 1349 572; x_wconf 87' lang='lat' dir='ltr'><strong>illam</strong></span> <span class='ocrx_word' id='word_1_13' title='bbox 1379 535 1424 573; x_wconf 90' lang='lat' dir='ltr'><strong>de</strong></span> <span class='ocrx_word' id='word_1_14' title='bbox 1453 536 1635 574; x_wconf 87' lang='lat' dir='ltr'><strong>fratribus</strong></span> 
     </span>
     <span class='ocr_line' id='line_1_3' title="bbox 170 598 1635 647; baseline -0.001 -8"><span class='ocrx_word' id='word_1_15' title='bbox 170 600 404 639; x_wconf 83' lang='lat' dir='ltr'>historiolam</span> <span class='ocrx_word' id='word_1_16' title='bbox 433 598 625 637; x_wconf 73' lang='lat' dir='ltr'><strong>inserere?</strong></span> <span class='ocrx_word' id='word_1_17' title='bbox 664 599 818 637; x_wconf 84' lang='lat' dir='ltr'><strong>Dixerit</strong></span> <span class='ocrx_word' id='word_1_18' title='bbox 837 599 1034 645; x_wconf 83' lang='lat' dir='ltr'>quispiam,</span> <span class='ocrx_word' id='word_1_19' title='bbox 1066 599 1232 637; x_wconf 87' lang='lat' dir='ltr'><strong>fortasse</strong></span> <span class='ocrx_word' id='word_1_20' title='bbox 1252 601 1403 647; x_wconf 88' lang='lat' dir='ltr'><strong>saepius</strong></span> <span class='ocrx_word' id='word_1_21' title='bbox 1423 612 1505 638; x_wconf 88' lang='lat' dir='ltr'><strong>rem</strong></span> <span class='ocrx_word' id='word_1_22' title='bbox 1532 602 1635 638; x_wconf 87' lang='lat' dir='ltr'><strong>inter</strong></span> 
     </span>
     <span class='ocr_line' id='line_1_4' title="bbox 168 663 1636 713; baseline 0.001 -10"><span class='ocrx_word' id='word_1_23' title='bbox 168 666 390 713; x_wconf 87' lang='lat' dir='ltr'><strong>Pompeium</strong></span> <span class='ocrx_word' id='word_1_24' title='bbox 421 668 460 702; x_wconf 89' lang='lat' dir='ltr'><strong>et</strong></span> <span class='ocrx_word' id='word_1_25' title='bbox 478 663 688 702; x_wconf 82' lang='lat' dir='ltr'><strong>Sertorium</strong></span> <span class='ocrx_word' id='word_1_26' title='bbox 719 665 766 701; x_wconf 84' lang='lat' dir='ltr'><strong>ad</strong></span> <span class='ocrx_word' id='word_1_27' title='bbox 795 675 901 701; x_wconf 88' lang='lat' dir='ltr'><strong>arma</strong></span> <span class='ocrx_word' id='word_1_28' title='bbox 929 664 1075 701; x_wconf 89' lang='lat' dir='ltr'><strong>venisse</strong></span> <span class='ocrx_word' id='word_1_29' title='bbox 1103 668 1216 711; x_wconf 87' lang='lat' dir='ltr'><strong>atque</strong></span> <span class='ocrx_word' id='word_1_30' title='bbox 1237 664 1422 703; x_wconf 79' lang='lat' dir='ltr'>Granium</span> <span class='ocrx_word' id='word_1_31' title='bbox 1452 667 1513 704; x_wconf 90' lang='lat' dir='ltr'><strong>hic</strong></span> <span class='ocrx_word' id='word_1_32' title='bbox 1542 667 1636 704; x_wconf 88' lang='lat' dir='ltr'><strong>alte-</strong></span> 
     </span>
     <span class='ocr_line' id='line_1_5' title="bbox 167 728 1636 778; baseline 0.001 -10"><span class='ocrx_word' id='word_1_33' title='bbox 167 742 252 768; x_wconf 88' lang='lat' dir='ltr'><strong>rum</strong></span> <span class='ocrx_word' id='word_1_34' title='bbox 279 730 465 777; x_wconf 87' lang='lat' dir='ltr'><strong>proelium</strong></span> <span class='ocrx_word' id='word_1_35' title='bbox 492 731 531 767; x_wconf 90' lang='lat' dir='ltr'><strong>in</strong></span> <span class='ocrx_word' id='word_1_36' title='bbox 559 730 684 767; x_wconf 90' lang='lat' dir='ltr'><strong>animo</strong></span> <span class='ocrx_word' id='word_1_37' title='bbox 714 729 865 766; x_wconf 86' lang='lat' dir='ltr'><strong>habere.</strong></span> <span class='ocrx_word' id='word_1_38' title='bbox 922 728 997 766; x_wconf 83' lang='lat' dir='ltr'><strong>Sed</strong></span> <span class='ocrx_word' id='word_1_39' title='bbox 1039 729 1071 766; x_wconf 91' lang='lat' dir='ltr'><strong>si</strong></span> <span class='ocrx_word' id='word_1_40' title='bbox 1100 729 1171 767; x_wconf 91' lang='lat' dir='ltr'><strong>hoc</strong></span> <span class='ocrx_word' id='word_1_41' title='bbox 1199 741 1330 768; x_wconf 81' lang='lat' dir='ltr'><strong>verum</strong></span> <span class='ocrx_word' id='word_1_42' title='bbox 1360 737 1482 778; x_wconf 84' lang='lat' dir='ltr'><strong>esset,</strong></span> <span class='ocrx_word' id='word_1_43' title='bbox 1528 743 1636 769; x_wconf 90' lang='lat' dir='ltr'><strong>nemo</strong></span> 
     </span>
     <span class='ocr_line' id='line_1_6' title="bbox 168 794 1636 842; baseline 0 -9"><span class='ocrx_word' id='word_1_44' title='bbox 168 796 327 842; x_wconf 83' lang='lat' dir='ltr'>negabit</span> <span class='ocrx_word' id='word_1_45' title='bbox 353 806 422 832; x_wconf 89' lang='lat' dir='ltr'><strong>nos</strong></span> <span class='ocrx_word' id='word_1_46' title='bbox 452 798 738 841; x_wconf 80' lang='lat' dir='ltr'><strong>exspectaturos</strong></span> <span class='ocrx_word' id='word_1_47' title='bbox 758 805 840 831; x_wconf 82' lang='lat' dir='ltr'><strong>esse</strong></span> <span class='ocrx_word' id='word_1_48' title='bbox 869 795 1011 831; x_wconf 85' lang='lat' dir='ltr'><strong>certius</strong></span> <span class='ocrx_word' id='word_1_49' title='bbox 1031 794 1174 840; x_wconf 89' lang='lat' dir='ltr'><strong>aliquid</strong></span> <span class='ocrx_word' id='word_1_50' title='bbox 1204 795 1293 832; x_wconf 92' lang='lat' dir='ltr'><strong>addi</strong></span> <span class='ocrx_word' id='word_1_51' title='bbox 1314 795 1361 832; x_wconf 90' lang='lat' dir='ltr'><strong>ad</strong></span> <span class='ocrx_word' id='word_1_52' title='bbox 1389 797 1505 833; x_wconf 89' lang='lat' dir='ltr'><strong>verba</strong></span> <span class='ocrx_word' id='word_1_53' title='bbox 1525 797 1636 833; x_wconf 86' lang='lat' dir='ltr'><strong>‘bello</strong></span> 
     </span>
     <span class='ocr_line' id='line_1_7' title="bbox 169 859 1638 908; baseline 0.001 -10"><span class='ocrx_word' id='word_1_54' title='bbox 169 861 435 908; x_wconf 84' lang='lat' dir='ltr'><strong>quod—fuit‘</strong></span> <span class='ocrx_word' id='word_1_55' title='bbox 472 860 704 906; x_wconf 84' lang='lat' dir='ltr'><strong>generaliter</strong></span> <span class='ocrx_word' id='word_1_56' title='bbox 733 859 847 904; x_wconf 87' lang='lat' dir='ltr'><strong>dicta,</strong></span> <span class='ocrx_word' id='word_1_57' title='bbox 891 869 962 905; x_wconf 88' lang='lat' dir='ltr'><strong>quo</strong></span> <span class='ocrx_word' id='word_1_58' title='bbox 1004 860 1121 906; x_wconf 85' lang='lat' dir='ltr'><strong>magis</strong></span> <span class='ocrx_word' id='word_1_59' title='bbox 1149 860 1305 908; x_wconf 90' lang='lat' dir='ltr'><strong>propria</strong></span> <span class='ocrx_word' id='word_1_60' title='bbox 1346 861 1449 899; x_wconf 89' lang='lat' dir='ltr'><strong>fiant.</strong></span> <span class='ocrx_word' id='word_1_61' title='bbox 1506 862 1638 908; x_wconf 86' lang='lat' dir='ltr'><strong>Itaque</strong></span> 
     </span>
     <span class='ocr_line' id='line_1_8' title="bbox 170 923 1638 972; baseline 0.001 -10"><span class='ocrx_word' id='word_1_62' title='bbox 170 925 341 972; x_wconf 83' lang='lat' dir='ltr'><strong>equidem</strong></span> <span class='ocrx_word' id='word_1_63' title='bbox 372 925 501 962; x_wconf 88' lang='lat' dir='ltr'><strong>malim</strong></span> <span class='ocrx_word' id='word_1_64' title='bbox 537 924 760 962; x_wconf 83' lang='lat' dir='ltr'><strong>concludere</strong></span> <span class='ocrx_word' id='word_1_65' title='bbox 788 923 972 961; x_wconf 82' lang='lat' dir='ltr'><strong>Granium</strong></span> <span class='ocrx_word' id='word_1_66' title='bbox 1011 924 1082 961; x_wconf 90' lang='lat' dir='ltr'><strong>hoc</strong></span> <span class='ocrx_word' id='word_1_67' title='bbox 1109 924 1192 962; x_wconf 92' lang='lat' dir='ltr'><strong>loco</strong></span> <span class='ocrx_word' id='word_1_68' title='bbox 1222 925 1382 962; x_wconf 88' lang='lat' dir='ltr'><strong>alterum</strong></span> <span class='ocrx_word' id='word_1_69' title='bbox 1412 925 1554 964; x_wconf 90' lang='lat' dir='ltr'><strong>fontem</strong></span> <span class='ocrx_word' id='word_1_70' title='bbox 1581 926 1638 963; x_wconf 91' lang='lat' dir='ltr'><strong>in-</strong></span> 
     </span>
     <span class='ocr_line' id='line_1_9' title="bbox 167 988 1637 1039; baseline 0.001 -13"><span class='ocrx_word' id='word_1_71' title='bbox 167 991 349 1039; x_wconf 84' lang='lat' dir='ltr'><strong>spexisse,</strong></span> <span class='ocrx_word' id='word_1_72' title='bbox 379 1001 424 1027; x_wconf 81' lang='lat' dir='ltr'><strong>ex</strong></span> <span class='ocrx_word' id='word_1_73' title='bbox 453 1001 526 1037; x_wconf 90' lang='lat' dir='ltr'><strong>quo</strong></span> <span class='ocrx_word' id='word_1_74' title='bbox 555 1000 779 1036; x_wconf 88' lang='lat' dir='ltr'><strong>quamquam</strong></span> <span class='ocrx_word' id='word_1_75' title='bbox 809 988 855 1025; x_wconf 88' lang='lat' dir='ltr'><strong>de</strong></span> <span class='ocrx_word' id='word_1_76' title='bbox 884 999 1010 1035; x_wconf 85' lang='lat' dir='ltr'><strong>pugna</strong></span> <span class='ocrx_word' id='word_1_77' title='bbox 1039 990 1121 1036; x_wconf 91' lang='lat' dir='ltr'><strong>ipsa</strong></span> <span class='ocrx_word' id='word_1_78' title='bbox 1158 989 1300 1027; x_wconf 89' lang='lat' dir='ltr'><strong>fontem</strong></span> <span class='ocrx_word' id='word_1_79' title='bbox 1329 991 1550 1038; x_wconf 83' lang='lat' dir='ltr'><strong>primarium</strong></span> <span class='ocrx_word' id='word_1_80' title='bbox 1579 1003 1637 1028; x_wconf 89' lang='lat' dir='ltr'><strong>se-</strong></span> 
     </span>
     <span class='ocr_line' id='line_1_10' title="bbox 168 1052 1637 1102; baseline 0.001 -9"><span class='ocrx_word' id='word_1_81' title='bbox 168 1059 277 1093; x_wconf 87' lang='lat' dir='ltr'><strong>cutus</strong></span> <span class='ocrx_word' id='word_1_82' title='bbox 306 1056 383 1093; x_wconf 84' lang='lat' dir='ltr'><strong>iam</strong></span> <span class='ocrx_word' id='word_1_83' title='bbox 411 1059 526 1093; x_wconf 88' lang='lat' dir='ltr'><strong>antea</strong></span> <span class='ocrx_word' id='word_1_84' title='bbox 554 1054 776 1097; x_wconf 87' lang='lat' dir='ltr'><strong>tradiderat,</strong></span> <span class='ocrx_word' id='word_1_85' title='bbox 806 1053 911 1090; x_wconf 83' lang='lat' dir='ltr'><strong>illam</strong></span> <span class='ocrx_word' id='word_1_86' title='bbox 932 1052 1100 1090; x_wconf 86' lang='lat' dir='ltr'><strong>fabulam</strong></span> <span class='ocrx_word' id='word_1_87' title='bbox 1122 1055 1283 1102; x_wconf 85' lang='lat' dir='ltr'><strong>sumpsit</strong></span> <span class='ocrx_word' id='word_1_88' title='bbox 1302 1066 1422 1102; x_wconf 89' lang='lat' dir='ltr'><strong>neque</strong></span> <span class='ocrx_word' id='word_1_89' title='bbox 1442 1067 1534 1094; x_wconf 89' lang='lat' dir='ltr'><strong>vero</strong></span> <span class='ocrx_word' id='word_1_90' title='bbox 1554 1057 1637 1094; x_wconf 93' lang='lat' dir='ltr'><strong>loco</strong></span> 
     </span>
     <span class='ocr_line' id='line_1_11' title="bbox 168 1119 1636 1167; baseline -0.001 -8"><span class='ocrx_word' id='word_1_91' title='bbox 168 1120 304 1159; x_wconf 89' lang='lat' dir='ltr'><strong>idoneo</strong></span> <span class='ocrx_word' id='word_1_92' title='bbox 359 1120 531 1158; x_wconf 89' lang='lat' dir='ltr'><strong>inseruit.</strong></span> <span class='ocrx_word' id='word_1_93' title='bbox 587 1119 767 1165; x_wconf 81' lang='lat' dir='ltr'><strong>Quisnam</strong></span> <span class='ocrx_word' id='word_1_94' title='bbox 813 1128 930 1154; x_wconf 89' lang='lat' dir='ltr'><strong>novus</strong></span> <span class='ocrx_word' id='word_1_95' title='bbox 977 1122 1109 1156; x_wconf 80' lang='lat' dir='ltr'><strong>auctor</strong></span> <span class='ocrx_word' id='word_1_96' title='bbox 1156 1120 1274 1157; x_wconf 87' lang='lat' dir='ltr'><strong>fuerit</strong></span> <span class='ocrx_word' id='word_1_97' title='bbox 1319 1121 1350 1157; x_wconf 89' lang='lat' dir='ltr'><strong>si</strong></span> <span class='ocrx_word' id='word_1_98' title='bbox 1410 1121 1636 1167; x_wconf 77' lang='lat' dir='ltr'><strong>quaerimus.</strong></span> 
     </span>
     <span class='ocr_line' id='line_1_12' title="bbox 168 1182 1639 1233; baseline 0 -10"><span class='ocrx_word' id='word_1_99' title='bbox 168 1190 332 1233; x_wconf 86' lang='lat' dir='ltr'><strong>apparet</strong></span> <span class='ocrx_word' id='word_1_100' title='bbox 372 1185 419 1222; x_wconf 87' lang='lat' dir='ltr'><strong>de</strong></span> <span class='ocrx_word' id='word_1_101' title='bbox 454 1184 565 1222; x_wconf 89' lang='lat' dir='ltr'><strong>Livio</strong></span> <span class='ocrx_word' id='word_1_102' title='bbox 608 1182 852 1229; x_wconf 87' lang='lat' dir='ltr'><strong>cogitandum</strong></span> <span class='ocrx_word' id='word_1_103' title='bbox 896 1193 987 1226; x_wconf 87' lang='lat' dir='ltr'><strong>esse,</strong></span> <span class='ocrx_word' id='word_1_104' title='bbox 1037 1194 1122 1220; x_wconf 88' lang='lat' dir='ltr'><strong>cum</strong></span> <span class='ocrx_word' id='word_1_105' title='bbox 1159 1184 1382 1223; x_wconf 83' lang='lat' dir='ltr'><strong>Licinianus</strong></span> <span class='ocrx_word' id='word_1_106' title='bbox 1425 1186 1559 1223; x_wconf 89' lang='lat' dir='ltr'><strong>mirum</strong></span> <span class='ocrx_word' id='word_1_107' title='bbox 1599 1186 1639 1223; x_wconf 90' lang='lat' dir='ltr'><strong>in</strong></span> 
     </span>
     <span class='ocr_line' id='line_1_13' title="bbox 168 1247 1638 1296; baseline -0.001 -8"><span class='ocrx_word' id='word_1_108' title='bbox 168 1251 318 1288; x_wconf 90' lang='lat' dir='ltr'><strong>modum</strong></span> <span class='ocrx_word' id='word_1_109' title='bbox 361 1250 490 1296; x_wconf 89' lang='lat' dir='ltr'><strong>aliqua</strong></span> <span class='ocrx_word' id='word_1_110' title='bbox 532 1260 578 1286; x_wconf 85' lang='lat' dir='ltr'><strong>ex</strong></span> <span class='ocrx_word' id='word_1_111' title='bbox 619 1251 729 1296; x_wconf 88' lang='lat' dir='ltr'><strong>parte</strong></span> <span class='ocrx_word' id='word_1_112' title='bbox 771 1248 830 1284; x_wconf 90' lang='lat' dir='ltr'><strong>vel</strong></span> <span class='ocrx_word' id='word_1_113' title='bbox 873 1247 919 1284; x_wconf 89' lang='lat' dir='ltr'><strong>ad</strong></span> <span class='ocrx_word' id='word_1_114' title='bbox 959 1248 1115 1285; x_wconf 91' lang='lat' dir='ltr'><strong>verbum</strong></span> <span class='ocrx_word' id='word_1_115' title='bbox 1153 1260 1237 1286; x_wconf 88' lang='lat' dir='ltr'><strong>cum</strong></span> <span class='ocrx_word' id='word_1_116' title='bbox 1266 1250 1447 1288; x_wconf 88' lang='lat' dir='ltr'><strong>memoria</strong></span> <span class='ocrx_word' id='word_1_117' title='bbox 1474 1251 1638 1289; x_wconf 82' lang='lat' dir='ltr'><strong>Liviana</strong></span> 
     </span>
     <span class='ocr_line' id='line_1_14' title="bbox 170 1313 1223 1359; baseline -0.003 -5"><span class='ocrx_word' id='word_1_118' title='bbox 170 1315 395 1354; x_wconf 85' lang='lat' dir='ltr'><strong>consentiat.</strong></span> <span class='ocrx_word' id='word_1_119' title='bbox 453 1314 554 1352; x_wconf 89' lang='lat' dir='ltr'><strong>Satis</strong></span> <span class='ocrx_word' id='word_1_120' title='bbox 583 1317 640 1351; x_wconf 88' lang='lat' dir='ltr'><strong>est</strong></span> <span class='ocrx_word' id='word_1_121' title='bbox 668 1313 768 1350; x_wconf 87' lang='lat' dir='ltr'><strong>inter</strong></span> <span class='ocrx_word' id='word_1_122' title='bbox 796 1323 836 1349; x_wconf 86' lang='lat' dir='ltr'><strong>se</strong></span> <span class='ocrx_word' id='word_1_123' title='bbox 865 1322 1085 1359; x_wconf 87' lang='lat' dir='ltr'><strong>comparare</strong></span> <span class='ocrx_word' id='word_1_124' title='bbox 1114 1314 1223 1351; x_wconf 88' lang='lat' dir='ltr'><strong>haec:</strong></span> 
     </span>
    </p>
   </div>
   <div class='ocr_carea' id='block_1_3' title="bbox 165 1403 1639 1971">
    <p class='ocr_par' dir='ltr' id='par_1_3' title="bbox 474 1403 1394 1452">
     <span class='ocr_line' id='line_1_15' title="bbox 474 1403 1394 1452; baseline 0.001 -11"><span class='ocrx_word' id='word_1_125' title='bbox 474 1403 566 1441; x_wconf 79' lang='lat' dir='ltr'><strong>Lic.</strong></span> <span class='ocrx_word' id='word_1_126' title='bbox 1176 1404 1274 1442; x_wconf 89' lang='lat' dir='ltr'><strong>Liv.</strong></span> <span class='ocrx_word' id='word_1_127' title='bbox 1305 1415 1394 1452; x_wconf 90' lang='lat' dir='ltr'><strong>per.</strong></span> 
     </span>
    </p>

    <p class='ocr_par' dir='ltr' id='par_1_4' title="bbox 165 1468 1639 1971">
     <span class='ocr_line' id='line_1_16' title="bbox 220 1468 1638 1515; baseline 0 -9"><span class='ocrx_word' id='word_1_128' title='bbox 220 1468 332 1506; x_wconf 86' lang='lat' dir='ltr'><strong>Bello</strong></span> <span class='ocrx_word' id='word_1_129' title='bbox 369 1468 470 1514; x_wconf 91' lang='lat' dir='ltr'><strong>quod</strong></span> <span class='ocrx_word' id='word_1_130' title='bbox 506 1469 607 1505; x_wconf 88' lang='lat' dir='ltr'><strong>inter</strong></span> <span class='ocrx_word' id='word_1_131' title='bbox 645 1468 867 1515; x_wconf 88' lang='lat' dir='ltr'><strong>Pompeium</strong></span> <span class='ocrx_word' id='word_1_132' title='bbox 941 1469 978 1505; x_wconf 91' lang='lat' dir='ltr'><strong>in</strong></span> <span class='ocrx_word' id='word_1_133' title='bbox 1008 1480 1079 1515; x_wconf 89' lang='lat' dir='ltr'><strong>quo</strong></span> <span class='ocrx_word' id='word_1_134' title='bbox 1107 1469 1206 1507; x_wconf 90' lang='lat' dir='ltr'><strong>bello</strong></span> <span class='ocrx_word' id='word_1_135' title='bbox 1236 1469 1308 1506; x_wconf 91' lang='lat' dir='ltr'><strong>duo</strong></span> <span class='ocrx_word' id='word_1_136' title='bbox 1336 1469 1495 1512; x_wconf 80' lang='lat' dir='ltr'><strong>fratres,</strong></span> <span class='ocrx_word' id='word_1_137' title='bbox 1539 1469 1638 1506; x_wconf 88' lang='lat' dir='ltr'><strong>alter</strong></span> 
     </span>
     <span class='ocr_line' id='line_1_17' title="bbox 169 1532 1637 1580; baseline -0.001 -9"><span class='ocrx_word' id='word_1_138' title='bbox 169 1536 207 1571; x_wconf 84' lang='lat' dir='ltr'><strong>et</strong></span> <span class='ocrx_word' id='word_1_139' title='bbox 261 1532 476 1571; x_wconf 86' lang='lat' dir='ltr'><strong>Sertorium</strong></span> <span class='ocrx_word' id='word_1_140' title='bbox 531 1533 603 1570; x_wconf 91' lang='lat' dir='ltr'><strong>fuit</strong></span> <span class='ocrx_word' id='word_1_141' title='bbox 619 1563 627 1577; x_wconf 87' lang='lat'>‚</span> <span class='ocrx_word' id='word_1_142' title='bbox 689 1533 867 1579; x_wconf 87' lang='lat' dir='ltr'><strong>ignobilis</strong></span> <span class='ocrx_word' id='word_1_143' title='bbox 942 1546 986 1572; x_wconf 84' lang='lat' dir='ltr'><strong>ex</strong></span> <span class='ocrx_word' id='word_1_144' title='bbox 1028 1534 1187 1580; x_wconf 88' lang='lat' dir='ltr'><strong>Pompei</strong></span> <span class='ocrx_word' id='word_1_145' title='bbox 1228 1534 1407 1578; x_wconf 83' lang='lat' dir='ltr'><strong>exercitu,</strong></span> <span class='ocrx_word' id='word_1_146' title='bbox 1450 1534 1550 1571; x_wconf 89' lang='lat' dir='ltr'><strong>alter</strong></span> <span class='ocrx_word' id='word_1_147' title='bbox 1591 1545 1637 1572; x_wconf 86' lang='lat' dir='ltr'><strong>ex</strong></span> 
     </span>
     <span class='ocr_line' id='line_1_18' title="bbox 167 1598 1637 1646; baseline 0 -10"><span class='ocrx_word' id='word_1_148' title='bbox 167 1599 323 1645; x_wconf 87' lang='lat' dir='ltr'><strong>quidam</strong></span> <span class='ocrx_word' id='word_1_149' title='bbox 391 1598 499 1636; x_wconf 89' lang='lat' dir='ltr'><strong>miles</strong></span> <span class='ocrx_word' id='word_1_150' title='bbox 555 1598 713 1646; x_wconf 88' lang='lat' dir='ltr'><strong>Pompei</strong></span> <span class='ocrx_word' id='word_1_151' title='bbox 782 1599 867 1635; x_wconf 90' lang='lat' dir='ltr'><strong>dum</strong></span> <span class='ocrx_word' id='word_1_152' title='bbox 942 1600 1084 1637; x_wconf 86' lang='lat' dir='ltr'><strong>Cinnae</strong></span> <span class='ocrx_word' id='word_1_153' title='bbox 1109 1600 1333 1645; x_wconf 85' lang='lat' dir='ltr'><strong>ignorantes</strong></span> <span class='ocrx_word' id='word_1_154' title='bbox 1353 1602 1637 1644; x_wconf 88' lang='lat' dir='ltr'><strong>concurrerunt,</strong></span> 
     </span>
     <span class='ocr_line' id='line_1_19' title="bbox 168 1651 1636 1712; baseline 0.001 -12"><span class='ocrx_word' id='word_1_155' title='bbox 168 1664 343 1711; x_wconf 89' lang='lat' dir='ltr'><strong>spoliat</strong></span> <span class='ocrx_word' id='word_1_156' title='bbox 371 1664 548 1701; x_wconf 90' lang='lat' dir='ltr'><strong>hostem</strong></span> <span class='ocrx_word' id='word_1_157' title='bbox 568 1663 763 1701; x_wconf 88' lang='lat' dir='ltr'><strong>fratrem</strong></span> <span class='ocrx_word' id='word_1_158' title='bbox 792 1664 867 1700; x_wconf 89' lang='lat' dir='ltr'><strong>ad·</strong></span> <span class='ocrx_word' id='word_1_159' title='bbox 942 1671 980 1702; x_wconf 89' lang='lat' dir='ltr'><strong>et</strong></span> <span class='ocrx_word' id='word_1_160' title='bbox 1001 1675 1083 1701; x_wconf 90' lang='lat' dir='ltr'><strong>cum</strong></span> <span class='ocrx_word' id='word_1_161' title='bbox 1103 1665 1225 1702; x_wconf 89' lang='lat' dir='ltr'><strong>victor</strong></span> <span class='ocrx_word' id='word_1_162' title='bbox 1250 1651 1485 1712; x_wconf 87' lang='lat' dir='ltr'><strong>spoliaret</strong></span> <span class='ocrx_word' id='word_1_163' title='bbox 1513 1664 1636 1702; x_wconf 86' lang='lat' dir='ltr'><strong>occi-</strong></span> 
     </span>
     <span class='ocr_line' id='line_1_20' title="bbox 166 1729 1637 1776; baseline 0.001 -11"><span class='ocrx_word' id='word_1_164' title='bbox 166 1729 351 1776; x_wconf 83' lang='lat' dir='ltr'><strong>gnovit;</strong></span> <span class='ocrx_word' id='word_1_165' title='bbox 387 1732 609 1766; x_wconf 84' lang='lat' dir='ltr'><strong>extructo</strong></span> <span class='ocrx_word' id='word_1_166' title='bbox 639 1739 751 1775; x_wconf 90' lang='lat' dir='ltr'><strong>rogo</strong></span> <span class='ocrx_word' id='word_1_167' title='bbox 781 1729 868 1766; x_wconf 90' lang='lat' dir='ltr'><strong>dum</strong></span> <span class='ocrx_word' id='word_1_168' title='bbox 942 1740 1046 1773; x_wconf 92' lang='lat' dir='ltr'><strong>sum,</strong></span> <span class='ocrx_word' id='word_1_169' title='bbox 1094 1730 1250 1776; x_wconf 85' lang='lat' dir='ltr'><strong>agnito</strong></span> <span class='ocrx_word' id='word_1_170' title='bbox 1292 1729 1444 1766; x_wconf 83' lang='lat' dir='ltr'><strong>fratre</strong></span> <span class='ocrx_word' id='word_1_171' title='bbox 1486 1729 1637 1776; x_wconf 85' lang='lat' dir='ltr'><strong>ingenti</strong></span> 
     </span>
     <span class='ocr_line' id='line_1_21' title="bbox 167 1794 1639 1841; baseline 0.001 -11"><span class='ocrx_word' id='word_1_172' title='bbox 167 1794 270 1831; x_wconf 87' lang='lat' dir='ltr'><strong>iusta</strong></span> <span class='ocrx_word' id='word_1_173' title='bbox 297 1794 482 1841; x_wconf 88' lang='lat' dir='ltr'><strong>persolvit</strong></span> <span class='ocrx_word' id='word_1_174' title='bbox 512 1794 631 1831; x_wconf 89' lang='lat' dir='ltr'><strong>multa</strong></span> <span class='ocrx_word' id='word_1_175' title='bbox 648 1794 868 1841; x_wconf 87' lang='lat' dir='ltr'><strong>inprecatus</strong></span> <span class='ocrx_word' id='word_1_176' title='bbox 942 1794 1214 1831; x_wconf 85' lang='lat' dir='ltr'><strong>lamentatione</strong></span> <span class='ocrx_word' id='word_1_177' title='bbox 1260 1794 1374 1840; x_wconf 88' lang='lat' dir='ltr'><strong>edita,</strong></span> <span class='ocrx_word' id='word_1_178' title='bbox 1430 1805 1540 1840; x_wconf 88' lang='lat' dir='ltr'><strong>rogo</strong></span> <span class='ocrx_word' id='word_1_179' title='bbox 1596 1794 1639 1831; x_wconf 91' lang='lat' dir='ltr'><strong>ei</strong></span> 
     </span>
     <span class='ocr_line' id='line_1_22' title="bbox 165 1859 1637 1907; baseline 0.001 -11"><span class='ocrx_word' id='word_1_180' title='bbox 165 1859 325 1906; x_wconf 85' lang='lat' dir='ltr'><strong>gladio</strong></span> <span class='ocrx_word' id='word_1_181' title='bbox 357 1870 406 1897; x_wconf 85' lang='lat' dir='ltr'><strong>se</strong></span> <span class='ocrx_word' id='word_1_182' title='bbox 433 1859 627 1897; x_wconf 89' lang='lat' dir='ltr'><strong>traiecit</strong></span> <span class='ocrx_word' id='word_1_183' title='bbox 655 1862 727 1896; x_wconf 86' lang='lat' dir='ltr'><strong>etc.</strong></span> <span class='ocrx_word' id='word_1_184' title='bbox 942 1863 1177 1903; x_wconf 85' lang='lat' dir='ltr'><strong>extructo,</strong></span> <span class='ocrx_word' id='word_1_185' title='bbox 1198 1859 1296 1906; x_wconf 92' lang='lat' dir='ltr'><strong>ipse</strong></span> <span class='ocrx_word' id='word_1_186' title='bbox 1315 1870 1361 1896; x_wconf 92' lang='lat' dir='ltr'><strong>se</strong></span> <span class='ocrx_word' id='word_1_187' title='bbox 1376 1870 1637 1907; x_wconf 90' lang='lat' dir='ltr'><strong>suprarogum</strong></span> 
     </span>
     <span class='ocr_line' id='line_1_23' title="bbox 942 1924 1639 1971; baseline 0.003 -11"><span class='ocrx_word' id='word_1_188' title='bbox 942 1924 1199 1961; x_wconf 85' lang='lat' dir='ltr'><strong>transfodit</strong></span> <span class='ocrx_word' id='word_1_189' title='bbox 1228 1927 1267 1962; x_wconf 89' lang='lat' dir='ltr'><strong>et</strong></span> <span class='ocrx_word' id='word_1_190' title='bbox 1294 1924 1423 1962; x_wconf 87' lang='lat' dir='ltr'><strong>eodem</strong></span> <span class='ocrx_word' id='word_1_191' title='bbox 1442 1925 1531 1971; x_wconf 84' lang='lat' dir='ltr'><strong>igne</strong></span> <span class='ocrx_word' id='word_1_192' title='bbox 1551 1936 1639 1962; x_wconf 90' lang='lat' dir='ltr'><strong>con-</strong></span> 
     </span>
    </p>
   </div>
   <div class='ocr_carea' id='block_1_4' title="bbox 940 1988 1636 2102">
    <p class='ocr_par' dir='ltr' id='par_1_5' title="bbox 940 1988 1636 2102">
     <span class='ocr_line' id='line_1_24' title="bbox 940 1988 1636 2037; baseline 0.003 -12"><span class='ocrx_word' id='word_1_193' title='bbox 940 1993 1112 2036; x_wconf 87' lang='lat' dir='ltr'><strong>sumptus</strong></span> <span class='ocrx_word' id='word_1_194' title='bbox 1153 1993 1220 2026; x_wconf 86' lang='lat' dir='ltr'><strong>est.</strong></span> <span class='ocrx_word' id='word_1_195' title='bbox 1277 1988 1495 2037; x_wconf 83' lang='lat' dir='ltr'><strong>(Accedunt</strong></span> <span class='ocrx_word' id='word_1_196' title='bbox 1529 1989 1636 2028; x_wconf 89' lang='lat' dir='ltr'><strong>Oros.</strong></span> 
     </span>
     <span class='ocr_line' id='line_1_25' title="bbox 942 2053 1376 2102; baseline 0.002 -11"><span class='ocrx_word' id='word_1_197' title='bbox 942 2058 980 2091; x_wconf 90' lang='lat' dir='ltr'><strong>et</strong></span> <span class='ocrx_word' id='word_1_198' title='bbox 1010 2053 1094 2091; x_wconf 88' lang='lat' dir='ltr'><strong>Val.</strong></span> <span class='ocrx_word' id='word_1_199' title='bbox 1125 2054 1228 2091; x_wconf 87' lang='lat' dir='ltr'><strong>Max.</strong></span> <span class='ocrx_word' id='word_1_200' title='bbox 1257 2054 1283 2090; x_wconf 91' lang='lat' dir='ltr'><strong>l.</strong></span> <span class='ocrx_word' id='word_1_201' title='bbox 1314 2055 1376 2102; x_wconf 91' lang='lat' dir='ltr'><strong>c.).</strong></span> 
     </span>
    </p>
   </div>
   <div class='ocr_carea' id='block_1_5' title="bbox 168 2130 1639 2568">
    <p class='ocr_par' dir='ltr' id='par_1_6' title="bbox 168 2130 1638 2298">
     <span class='ocr_line' id='line_1_26' title="bbox 273 2130 1637 2185; baseline 0.001 -18"><span class='ocrx_word' id='word_1_202' title='bbox 273 2130 419 2178; x_wconf 79' lang='lat' dir='ltr'><strong>Quodsi</strong></span> <span class='ocrx_word' id='word_1_203' title='bbox 460 2130 522 2168; x_wconf 89' lang='lat' dir='ltr'><strong>hic</strong></span> <span class='ocrx_word' id='word_1_204' title='bbox 557 2131 860 2178; x_wconf 87' lang='lat' dir='ltr'><strong>supplementum</strong></span> <span class='ocrx_word' id='word_1_205' title='bbox 901 2131 1161 2176; x_wconf 86' lang='lat' dir='ltr'><strong>cognoscimus</strong></span> <span class='ocrx_word' id='word_1_206' title='bbox 1203 2141 1248 2167; x_wconf 87' lang='lat' dir='ltr'><strong>ex</strong></span> <span class='ocrx_word' id='word_1_207' title='bbox 1281 2130 1391 2168; x_wconf 89' lang='lat' dir='ltr'><strong>Livio</strong></span> <span class='ocrx_word' id='word_1_208' title='bbox 1433 2134 1637 2185; x_wconf 71' lang='lat' dir='ltr'><strong>sumptum,</strong></span> 
     </span>
     <span class='ocr_line' id='line_1_27' title="bbox 173 2196 1638 2244; baseline 0.001 -12"><span class='ocrx_word' id='word_1_209' title='bbox 173 2206 303 2232; x_wconf 89' lang='lat' dir='ltr'><strong>rursus</strong></span> <span class='ocrx_word' id='word_1_210' title='bbox 332 2200 601 2242; x_wconf 86' lang='lat' dir='ltr'><strong>argumentum</strong></span> <span class='ocrx_word' id='word_1_211' title='bbox 629 2196 820 2241; x_wconf 87' lang='lat' dir='ltr'><strong>habemus,</strong></span> <span class='ocrx_word' id='word_1_212' title='bbox 856 2207 927 2242; x_wconf 88' lang='lat' dir='ltr'><strong>quo</strong></span> <span class='ocrx_word' id='word_1_213' title='bbox 962 2196 1000 2232; x_wconf 90' lang='lat' dir='ltr'><strong>in</strong></span> <span class='ocrx_word' id='word_1_214' title='bbox 1028 2197 1186 2244; x_wconf 90' lang='lat' dir='ltr'><strong>priore</strong></span> <span class='ocrx_word' id='word_1_215' title='bbox 1221 2199 1353 2243; x_wconf 88' lang='lat' dir='ltr'><strong>parte</strong></span> <span class='ocrx_word' id='word_1_216' title='bbox 1380 2196 1535 2235; x_wconf 89' lang='lat' dir='ltr'><strong>Livium</strong></span> <span class='ocrx_word' id='word_1_217' title='bbox 1563 2208 1638 2234; x_wconf 91' lang='lat' dir='ltr'><strong>non</strong></span> 
     </span>
     <span class='ocr_line' id='line_1_28' title="bbox 168 2259 711 2298; baseline 0 0"><span class='ocrx_word' id='word_1_218' title='bbox 168 2271 252 2298; x_wconf 88' lang='lat' dir='ltr'><strong>esse</strong></span> <span class='ocrx_word' id='word_1_219' title='bbox 280 2260 425 2297; x_wconf 84' lang='lat' dir='ltr'><strong>fontem</strong></span> <span class='ocrx_word' id='word_1_220' title='bbox 455 2259 711 2298; x_wconf 89' lang='lat' dir='ltr'><strong>confirmetur.</strong></span> 
     </span>
    </p>

    <p class='ocr_par' dir='ltr' id='par_1_7' title="bbox 169 2325 1639 2568">
     <span class='ocr_line' id='line_1_29' title="bbox 275 2325 1639 2373; baseline 0.001 -10"><span class='ocrx_word' id='word_1_221' title='bbox 275 2325 427 2363; x_wconf 83' lang='lat' dir='ltr'><strong>Deinde</strong></span> <span class='ocrx_word' id='word_1_222' title='bbox 455 2337 578 2373; x_wconf 89' lang='lat' dir='ltr'><strong>pauca</strong></span> <span class='ocrx_word' id='word_1_223' title='bbox 608 2326 870 2373; x_wconf 86' lang='lat' dir='ltr'><strong>comperimus,</strong></span> <span class='ocrx_word' id='word_1_224' title='bbox 901 2337 996 2373; x_wconf 88' lang='lat' dir='ltr'><strong>quae</strong></span> <span class='ocrx_word' id='word_1_225' title='bbox 1015 2325 1106 2363; x_wconf 92' lang='lat' dir='ltr'><strong>alibi</strong></span> <span class='ocrx_word' id='word_1_226' title='bbox 1133 2337 1207 2363; x_wconf 91' lang='lat' dir='ltr'><strong>non</strong></span> <span class='ocrx_word' id='word_1_227' title='bbox 1235 2326 1455 2364; x_wconf 87' lang='lat' dir='ltr'><strong>traduntur:</strong></span> <span class='ocrx_word' id='word_1_228' title='bbox 1487 2327 1639 2365; x_wconf 87' lang='lat' dir='ltr'><strong>‘Nolani</strong></span> 
     </span>
     <span class='ocr_line' id='line_1_30' title="bbox 169 2390 1639 2440; baseline 0.001 -13"><span class='ocrx_word' id='word_1_229' title='bbox 169 2390 398 2439; x_wconf 88' lang='lat' dir='ltr'><strong>progress[i]</strong></span> <span class='ocrx_word' id='word_1_230' title='bbox 429 2391 610 2438; x_wconf 89' lang='lat' dir='ltr'><strong>oppidum</strong></span> <span class='ocrx_word' id='word_1_231' title='bbox 628 2391 808 2428; x_wconf 90' lang='lat' dir='ltr'><strong>Abellam</strong></span> <span class='ocrx_word' id='word_1_232' title='bbox 835 2391 1096 2428; x_wconf 88' lang='lat' dir='ltr'><strong>incenderunt.</strong></span> <span class='ocrx_word' id='word_1_233' title='bbox 1134 2391 1280 2428; x_wconf 87' lang='lat' dir='ltr'><strong>Marius</strong></span> <span class='ocrx_word' id='word_1_234' title='bbox 1308 2390 1510 2429; x_wconf 84' lang='lat' dir='ltr'><strong>Servilium</strong></span> <span class='ocrx_word' id='word_1_235' title='bbox 1540 2392 1639 2440; x_wconf 91' lang='lat' dir='ltr'><strong>apud</strong></span> 
     </span>
     <span class='ocr_line' id='line_1_31' title="bbox 169 2454 1639 2506; baseline 0.002 -15"><span class='ocrx_word' id='word_1_236' title='bbox 169 2454 393 2492; x_wconf 76' lang='lat' dir='ltr'><strong>Ariminum</strong></span> <span class='ocrx_word' id='word_1_237' title='bbox 413 2455 531 2503; x_wconf 85' lang='lat' dir='ltr'><strong>fugat,</strong></span> <span class='ocrx_word' id='word_1_238' title='bbox 552 2467 694 2504; x_wconf 87' lang='lat' dir='ltr'><strong>paucos</strong></span> <span class='ocrx_word' id='word_1_239' title='bbox 713 2456 864 2501; x_wconf 90' lang='lat' dir='ltr'><strong>occidit,</strong></span> <span class='ocrx_word' id='word_1_240' title='bbox 894 2457 1062 2503; x_wconf 88' lang='lat' dir='ltr'><strong>reliquos</strong></span> <span class='ocrx_word' id='word_1_241' title='bbox 1081 2467 1174 2502; x_wconf 88' lang='lat' dir='ltr'><strong>quos</strong></span> <span class='ocrx_word' id='word_1_242' title='bbox 1194 2457 1468 2506; x_wconf 76' lang='lat' dir='ltr'><strong>001·ruperat.1)</strong></span> <span class='ocrx_word' id='word_1_243' title='bbox 1499 2457 1639 2505; x_wconf 89' lang='lat' dir='ltr'><strong>accipit</strong></span> 
     </span>
     <span class='ocr_line' id='line_1_32' title="bbox 169 2521 1638 2568; baseline 0.001 -10"><span class='ocrx_word' id='word_1_244' title='bbox 169 2521 209 2557; x_wconf 92' lang='lat' dir='ltr'><strong>in</strong></span> <span class='ocrx_word' id='word_1_245' title='bbox 238 2521 494 2559; x_wconf 82' lang='lat' dir='ltr'><strong>deditionem&#39;.</strong></span> <span class='ocrx_word' id='word_1_246' title='bbox 551 2521 646 2559; x_wconf 87' lang='lat' dir='ltr'><strong>Cum</strong></span> <span class='ocrx_word' id='word_1_247' title='bbox 675 2522 820 2559; x_wconf 89' lang='lat' dir='ltr'><strong>ultimis</strong></span> <span class='ocrx_word' id='word_1_248' title='bbox 849 2522 973 2559; x_wconf 87' lang='lat' dir='ltr'><strong>verbis</strong></span> <span class='ocrx_word' id='word_1_249' title='bbox 1003 2533 1077 2559; x_wconf 89' lang='lat' dir='ltr'><strong>non</strong></span> <span class='ocrx_word' id='word_1_250' title='bbox 1107 2522 1409 2568; x_wconf 81' lang='lat' dir='ltr'><strong>conjungendum</strong></span> <span class='ocrx_word' id='word_1_251' title='bbox 1438 2533 1519 2560; x_wconf 90' lang='lat' dir='ltr'><strong>esse</strong></span> <span class='ocrx_word' id='word_1_252' title='bbox 1547 2522 1638 2560; x_wconf 89' lang='lat' dir='ltr'><strong>mihi</strong></span> 
     </span>
    </p>
   </div>
   <div class='ocr_carea' id='block_1_6' title="bbox 903 1451 907 2079">
    <p class='ocr_par' dir='ltr' id='par_1_8' title="bbox 903 1451 907 2079">
     <span class='ocr_line' id='line_1_33' title="bbox 903 1451 907 2079; baseline 0 0"><span class='ocrx_word' id='word_1_253' title='bbox 903 1451 907 2079; x_wconf 95' lang='lat' dir='ltr'><strong> </strong></span> 
     </span>
    </p>
   </div>
   <div class='ocr_carea' id='block_1_7' title="bbox 170 2632 1640 2855">
    <p class='ocr_par' dir='ltr' id='par_1_9' title="bbox 170 2632 1640 2855">
     <span class='ocr_line' id='line_1_34' title="bbox 265 2632 1639 2679; baseline 0 -11"><span class='ocrx_word' id='word_1_254' title='bbox 265 2633 291 2676; x_wconf 89' lang='lat'><strong>¹)</strong></span> <span class='ocrx_word' id='word_1_255' title='bbox 319 2632 403 2668; x_wconf 91' lang='lat' dir='ltr'><strong>Non</strong></span> <span class='ocrx_word' id='word_1_256' title='bbox 429 2634 496 2677; x_wconf 87' lang='lat' dir='ltr'><strong>est,</strong></span> <span class='ocrx_word' id='word_1_257' title='bbox 523 2632 620 2679; x_wconf 85' lang='lat' dir='ltr'><strong>quod</strong></span> <span class='ocrx_word' id='word_1_258' title='bbox 644 2643 726 2668; x_wconf 87' lang='lat' dir='ltr'><strong>cum</strong></span> <span class='ocrx_word' id='word_1_259' title='bbox 745 2632 826 2668; x_wconf 88' lang='lat' dir='ltr'><strong>edd.</strong></span> <span class='ocrx_word' id='word_1_260' title='bbox 846 2633 960 2668; x_wconf 89' lang='lat' dir='ltr'><strong>Bonn.</strong></span> <span class='ocrx_word' id='word_1_261' title='bbox 978 2634 1177 2668; x_wconf 84' lang='lat' dir='ltr'><strong>mutemus:</strong></span> <span class='ocrx_word' id='word_1_262' title='bbox 1204 2632 1511 2679; x_wconf 82' lang='lat' dir='ltr'><strong>‘corrup[u]erat&#39;.</strong></span> <span class='ocrx_word' id='word_1_263' title='bbox 1544 2633 1639 2669; x_wconf 88' lang='lat' dir='ltr'><strong>Nam</strong></span> 
     </span>
     <span class='ocr_line' id='line_1_35' title="bbox 174 2691 1639 2738; baseline 0.001 -12"><span class='ocrx_word' id='word_1_264' title='bbox 174 2701 432 2737; x_wconf 81' lang='lat' dir='ltr'><strong>„corrumpere</strong></span> <span class='ocrx_word' id='word_1_265' title='bbox 457 2691 637 2738; x_wconf 87' lang='lat' dir='ltr'><strong>aliquem“</strong></span> <span class='ocrx_word' id='word_1_266' title='bbox 667 2691 849 2737; x_wconf 87' lang='lat' dir='ltr'><strong>significat</strong></span> <span class='ocrx_word' id='word_1_267' title='bbox 864 2691 968 2726; x_wconf 90' lang='lat' dir='ltr'><strong>illum</strong></span> <span class='ocrx_word' id='word_1_268' title='bbox 987 2691 1033 2727; x_wconf 90' lang='lat' dir='ltr'><strong>ad</strong></span> <span class='ocrx_word' id='word_1_269' title='bbox 1059 2702 1164 2727; x_wconf 90' lang='lat' dir='ltr'><strong>suam</strong></span> <span class='ocrx_word' id='word_1_270' title='bbox 1181 2692 1402 2727; x_wconf 85' lang='lat' dir='ltr'><strong>sententiam</strong></span> <span class='ocrx_word' id='word_1_271' title='bbox 1425 2692 1639 2737; x_wconf 86' lang='lat' dir='ltr'><strong>perducere.</strong></span> 
     </span>
     <span class='ocr_line' id='line_1_36' title="bbox 170 2750 1640 2797; baseline 0.001 -11"><span class='ocrx_word' id='word_1_272' title='bbox 170 2750 295 2796; x_wconf 82' lang='lat' dir='ltr'><strong>Atque</strong></span> <span class='ocrx_word' id='word_1_273' title='bbox 320 2751 389 2786; x_wconf 87' lang='lat' dir='ltr'><strong>hac</strong></span> <span class='ocrx_word' id='word_1_274' title='bbox 414 2751 564 2786; x_wconf 90' lang='lat' dir='ltr'><strong>notione</strong></span> <span class='ocrx_word' id='word_1_275' title='bbox 591 2751 701 2786; x_wconf 85' lang='lat' dir='ltr'><strong>etiam</strong></span> <span class='ocrx_word' id='word_1_276' title='bbox 726 2750 894 2786; x_wconf 79' lang='lat' dir='ltr'><strong>absolute</strong></span> <span class='ocrx_word' id='word_1_277' title='bbox 920 2752 1133 2796; x_wconf 86' lang='lat' dir='ltr'><strong>usurpatur:</strong></span> <span class='ocrx_word' id='word_1_278' title='bbox 1160 2750 1204 2787; x_wconf 87' lang='lat' dir='ltr'><strong>cf.</strong></span> <span class='ocrx_word' id='word_1_279' title='bbox 1231 2750 1350 2787; x_wconf 84' lang='lat' dir='ltr'><strong>Plaut.</strong></span> <span class='ocrx_word' id='word_1_280' title='bbox 1368 2751 1472 2787; x_wconf 80' lang='lat' dir='ltr'><strong>Most.</strong></span> <span class='ocrx_word' id='word_1_281' title='bbox 1500 2752 1526 2796; x_wconf 82' lang='grc' dir='ltr'><strong>Ι,</strong></span> <span class='ocrx_word' id='word_1_282' title='bbox 1547 2754 1577 2797; x_wconf 83' lang='grc'><strong>1,</strong></span> <span class='ocrx_word' id='word_1_283' title='bbox 1594 2754 1640 2789; x_wconf 86' lang='grc'><strong>20</strong></span> 
     </span>
     <span class='ocr_line' id='line_1_37' title="bbox 170 2808 346 2855; baseline 0.006 -11"><span class='ocrx_word' id='word_1_284' title='bbox 170 2808 346 2855; x_wconf 81' lang='lat' dir='ltr'><strong>aliosque.</strong></span> 
     </span>
    </p>
   </div>
  </div>
 </body>
</html>
