2066 3448
1029 400 1315 441 ..42-

443 536 560 572 aeque
589 530 702 573 atque
731 525 887 564 Oicero'.
946 526 1223 564 Difficultatem
1252 526 1373 571 igitur
1400 526 1511 562 huius
1539 526 1612 563 1001
1640 525 1696 563 113
1724 524 1903 572 expedire

443 593 639 635 conantur,
668 595 712 627 ut
739 590 867 627 dicant
895 590 948 637 (p.
971 591 1018 626 21
1051 589 1174 637 adn.):
1206 588 1398 633 „Granius
1418 589 1637 636 Pompeium
1665 593 1795 627 natum
1821 600 1902 627 esse

441 655 646 702 scripserat
676 665 710 691 3.
740 654 817 690 647
847 653 969 703 (107),
1006 654 1124 690 ceteri
1151 665 1183 690 3.
1216 654 1292 690 648
1321 654 1447 702 (106),
1484 654 1581 692 unde
1610 654 1756 692 addidit
1783 653 1902 701 epito-

442 723 565 756 mator
594 719 711 756 ‘solus
732 719 928 765 superiore
947 718 1081 765 ponit',
1111 721 1149 755 et
1168 718 1249 764 ipse
1269 718 1315 754 ad
1336 729 1474 755 annum
1495 718 1569 755 648
1591 717 1658 756 Cn.
1681 718 1903 766 Pompeium

442 786 480 820 et
499 782 720 820 Ciceronem
749 787 860 820 natos
887 794 970 820 esse
990 782 1206 826 adnotavit:
1235 782 1307 819 duo
1327 782 1421 819 haec
1440 782 1699 820 additamenta
1717 783 1756 820 in
1777 782 1904 820 codice

442 846 596 885 confusa
624 847 661 884 in
690 848 950 884 narrationem
979 859 1011 885 a.
1043 847 1117 884 649
1148 846 1258 896 (105)
1287 847 1563 894 in1-epserunt.“

557 911 680 959 Quam
712 912 970 949 coniecturam
1014 913 1108 949 satis
1149 912 1392 949 artificiosam
1435 913 1511 948 iam
1551 911 1733 949 refutavit
1759 911 1905 949 Linker

440 978 482 1025 (l.
520 988 549 1014 c.
590 988 625 1025 p.
671 977 744 1014 637
787 977 900 1026 sqq),
943 977 1049 1014 cuius
1092 976 1410 1023 argumentationi
1449 986 1571 1023 pauca
1611 976 1783 1013 addenda
1823 986 1904 1013 esse

441 1041 624 1079 existimo.
680 1041 776 1078 Edd.
808 1041 944 1083 Bonn..
988 1052 1071 1079 cum
1099 1042 1230 1088 legant
1271 1042 1386 1079 ‘solus
1415 1041 1610 1087 superiore
1638 1041 1756 1087 ponit'
1786 1041 1904 1087 ipsius

440 1105 575 1144 Granii
617 1107 743 1144 verbis
791 1107 964 1143 nituntur
1005 1106 1086 1154 (fol.
1119 1106 1154 1143 V
1184 1117 1213 1151 r,
1256 1117 1292 1153 p.
1323 1106 1372 1143 38
1414 1105 1453 1142 A
1483 1106 1505 1142 2
1535 1105 1632 1153 sqq.)
1691 1105 1905 1152 ‘Pompeius

440 1181 558 1208 annos
578 1174 689 1208 natus
704 1171 817 1209 XXV
838 1171 985 1220 eq[ue]s
1003 1171 1226 1219 Romanus,
1248 1170 1363 1219 qu]od
1382 1181 1491 1207 nemo
1512 1174 1636 1215 antea,
1657 1173 1906 1217 propraetore

439 1246 485 1272 ex
513 1234 645 1273 Africa
685 1235 975 1284 triu[mph]avit
1001 1236 1081 1273 IIII
1122 1236 1206 1273 idus
1240 1235 1425 1273 Martias'.
1481 1234 1523 1272 Si
1565 1235 1662 1272 enim
1703 1233 1906 1280 Pompeius

439 1311 472 1338 a.
505 1300 579 1337 673
610 1300 696 1347 (81)
723 1301 1006 1348 triumphasset,
1050 1304 1162 1346 atque
1190 1300 1413 1337 Licinianus
1441 1299 1519 1337 IIII
1548 1299 1597 1337 id.
1630 1299 1744 1336 Mart.
1775 1298 1906 1336 huius

440 1365 527 1402 anni
556 1364 667 1402 XXV
697 1376 815 1403 annos
849 1366 884 1402 ei
917 1366 1042 1407 daret,
1085 1365 1298 1402 necessario
1339 1363 1637 1402 concludendum
1680 1367 1739 1401 est
1766 1374 1798 1401 a.
1830 1362 1934 1402 647‘

441 1429 554 1478 (107)
584 1432 714 1466 natum
745 1440 825 1466 esse
854 1430 1071 1477 Pompeium
1113 1430 1222 1467 illum
1264 1430 1466 1467 censuisse.
1522 1428 1597 1466 Sed
1638 1428 1754 1465 totius
1793 1428 1906 1465 huius

438 1494 776 1541 argumentationis
805 1493 1089 1531 fundamentum
1118 1495 1211 1532 satis
1239 1495 1425 1532 incertum
1454 1497 1523 1531 est.

544 1557 611 1596 On.
655 1558 859 1605 Pompeius
901 1563 1013 1596 natus
1056 1564 1140 1596 erat
1180 1559 1276 1606 prid.
1319 1559 1412 1597 Kal.
1442 1558 1525 1596 Oct.
1570 1558 1657 1596 anni
1689 1559 1764 1595 648
1794 1557 1906 1606 (106)

437 1623 557 1671 (Veli.
588 1623 642 1667 Π,
673 1624 741 1669 53ς
784 1622 883 1660 Ρ1111.
920 1624 955 1661 11.
985 1635 1020 1660 n.
1050 1623 1266 1664 XXXVII,
1311 1625 1346 1667 2,
1380 1624 1442 1667 13;
1486 1623 1645 1661 Hieron.
1691 1623 1729 1659 in
1764 1621 1904 1659 Euseb.

438 1687 576 1726 Cin-on.
608 1688 664 1726 ed.
692 1687 862 1725 Schoene
890 1688 934 1726 Π
963 1700 998 1735 p.
1035 1688 1138 1736 131).
1176 1688 1444 1735 Triumphavit
1473 1699 1519 1725 ex
1538 1687 1675 1725 Africa
1702 1686 1906 1724 secundum

437 1753 518 1790 Liv.
549 1764 627 1800 per.
658 1754 724 1791 89.-
770 1757 963 1799 ‘quattuor
1005 1757 1045 1791 et
1085 1754 1223 1800 viginti
1258 1764 1377 1790 annos
1419 1752 1541 1790 natus'
1571 1752 1595 1789 i.
1626 1763 1658 1791 e.
1688 1752 1787 1789 vitae
1816 1762 1906 1788 suae

438 1829 537 1855 anno
566 1819 744 1855 vicesimo
773 1818 902 1864 quinto
932 1818 955 1855 i.
987 1829 1019 1856 e.
1048 1819 1136 1856 inde
1165 1819 1212 1855 ab
1241 1818 1373 1855 ultimo
1402 1816 1504 1864 Sept
1537 1829 1569 1855 a.
1602 1818 1676 1855 672
1711 1827 1828 1863 usque
1857 1816 1905 1853 ad

437 1882 506 1919 ult.
538 1883 641 1929 Sept.
673 1894 704 1920 a.
730 1883 811 1919 673
842 1883 1045 1931 (82—81).
1077 1883 1185 1931 Quod
1213 1884 1245 1920 si
1274 1893 1403 1921 verum
1432 1886 1549 1926 esset,
1591 1882 1775 1928 triumphi
1812 1881 1901 1924 dies.

438 1957 545 1993 quem
567 1948 631 1984 uni
648 1948 790 1985 Granio
810 1948 998 1993 debemus,
1020 1952 1122 1986 esset
1146 1947 1232 1985 IIII
1251 1948 1302 1986 id.
1322 1947 1435 1985 Mart.
1460 1947 1533 1984 673
1556 1946 1653 1995 (81).
1692 1945 1904 1983 Secundum

439 2011 597 2059 Eutrop.
628 2012 678 2057 V,
708 2014 730 2050 9
750 2012 953 2059 Pompeius
972 2013 1223 2060 triumphavit
1244 2015 1432 2059 ‘quartum
1452 2015 1491 2048 et
1518 2012 1735 2049 vicesimum
1763 2022 1903 2049 annum

438 2078 567 2122 agens'
597 2077 622 2114 i.
653 2088 683 2114 e.
714 2089 748 2117 a.
780 2078 855 2114 672
886 2077 987 2126 (82),
1032 2081 1072 2115 at
1113 2078 1317 2115 secundum
1360 2076 1580 2114 Ps.-Aurel.
1611 2075 1714 2115 Vict.
1759 2076 1804 2113 de
1832 2076 1901 2114 vir.

436 2141 490 2178 ill.
523 2142 570 2178 77
593 2142 742 2187 ‘viginti
771 2153 837 2179 sex
866 2153 983 2179 annos
1003 2141 1125 2180 natus*
1153 2143 1178 2180 i.
1209 2153 1243 2180 e.
1271 2153 1368 2179 311110
1389 2142 1535 2179 demum
1564 2142 1638 2178 675
1661 2139 1761 2189 (79).
1799 2140 1903 2178 Plut.

436 2205 568 2253 Pomp.
596 2207 642 2242 12
668 2207 787 2243 tradit
803 2217 886 2244 eum
915 2206 1044 2255 ἄγοντα
1061 2206 1227 2256 τέταρτον
1247 2208 1306 2244 καὶ
1326 2205 1483 2244 εἰκοστόν
1503 2206 1697 2252 subegisse
1716 2205 1902 2252 Africam,

439 2270 503 2307 sed
532 2275 624 2317 quot
651 2281 768 2308 annos
788 2272 992 2319 Pompeius
1011 2272 1186 2309 habuerit
1213 2271 1450 2319 triumphans
1470 2271 1652 2308 adnotare
1677 2270 1902 2318 supersedit.

435 2336 552 2373 Multi
592 2336 665 2373 viri
706 2336 809 2373 docti
851 2336 912 2384 (ut
945 2336 1105 2374 Fischer
1149 2336 1282 2383 „Rom
1311 2335 1543 2373 Zeittafeln“
1574 2346 1609 2381 p.
1644 2336 1717 2372 188
1745 2334 1903 2383 aliique)

436 2404 576 2447 putant
603 2411 742 2438 annum
772 2402 847 2438 673
877 2400 961 2449 (81)
1003 2403 1041 2439 in
1070 2401 1154 2439 Liv.
1185 2412 1264 2449 per.
1294 2400 1476 2438 traditum
1521 2400 1603 2437 erui
1644 2411 1753 2446 posse
1788 2400 1902 2437 etiam

436 2477 484 2502 ex
504 2465 602 2503 actis
621 2466 899 2512 triumphorum
919 2465 978 2515 (O.
1000 2467 1027 2503 I.
1049 2466 1094 2504 L.
1115 2465 1154 2503 Ι2
1171 2477 1207 2513 p.
1229 2466 1309 2514 49),
1329 2465 1393 2502 11101
1411 2469 1497 2512 post
1515 2463 1646 2502 Sullae
1670 2465 1902 2512 triumphum

438 2541 471 2567 a.
504 2531 580 2568 673
610 2530 656 2567 de
685 2530 921 2569 Mithradate
951 2535 1077 2569 actum
1107 2531 1205 2568 alter
1232 2530 1445 2577 triumphus
1484 2534 1569 2567 erat
1596 2529 1752 2573 allatus,
1796 2529 1902 2567 cuius

435 2606 616 2632 numerus
643 2599 791 2633 tantum
820 2596 931 2634 hodie
960 2596 1038 2642 legi
1065 2599 1203 2643 potest.
1240 2595 1297 2632 At
1324 2595 1524 2632 Drumann
1549 2593 1731 2642 („Gesch.
1763 2595 1897 2632 Roms“

435 2659 496 2698 IV
524 2672 559 2708 p.
591 2660 685 2710 337)
713 2666 752 2698 et
780 2661 914 2708 Lange
943 2661 1092 2709 („R6m.
1124 2660 1292 2697 Altert.“
1324 2659 1386 2697 III
1414 2672 1450 2707 p.
1484 2659 1574 2707 169)
1603 2659 1834 2707 triumphum
1862 2659 1900 2696 in

436 2735 534 2764 anno
565 2726 642 2763 674
662 2725 762 2774 (80),
790 2726 998 2764 Mommsen
1028 2726 1092 2774 (R.
1115 2724 1163 2764 G.
1191 2725 1235 2762 Π
1262 2737 1299 2773 p.
1321 2725 1417 2773 333)
1447 2729 1486 2762 et
1513 2728 1600 2772 post
1629 2735 1714 2761 eum
1741 2724 1901 2762 Henzen

438 2789 499 2836 (C.
530 2789 560 2826 1.
591 2790 635 2827 L.
665 2789 710 2827 Ι2
737 2802 773 2838 p.
806 2791 898 2839 178)
932 2792 970 2828 in
1004 2802 1037 2828 a.
1069 2791 1145 2829 675
1174 2790 1256 2839 (79)
1285 2793 1506 2838 posuerunt,
1541 2800 1617 2826 non
1643 2791 1723 2826 tam
1751 2800 1826 2826 una
1854 2799 1901 2826 ex
