2066 3448
775 367 944 408 -33
1006 392 1062 397 ,-

183 489 368 536 Mallium,
411 501 493 528 cum
530 492 658 532 consul
687 496 804 537 esset,
847 497 939 531 ante
961 493 1127 540 legatum
1159 504 1238 531 esse
1267 494 1507 541 appellatum.
1565 493 1638 531 Sed

182 554 251 592 has
279 555 515 593 coniecturas
542 555 655 594 falsas
683 568 764 594 esse
794 557 1000 595 clarissime
1028 558 1211 595 ostendit:

287 618 323 656 4.
379 619 500 657 Flor.
529 620 562 664 Ι,
585 621 645 666 38,
666 621 701 658 4.
759 620 846 658 ‘Sed
888 633 955 659 nec
990 622 1153 670 primum
1181 623 1361 669 impetum
1389 623 1637 660 barbarorum

183 681 335 720 Silanus
353 694 423 721 nec
442 686 688 722 secundum
709 683 927 723 Manilius
956 697 1024 724 nec
1043 687 1232 724 tertium
1252 686 1424 734 Caepio
1450 686 1637 724 sustinere

182 749 409 795 potuerunt'.
1589 752 1591 755 “

287 813 391 859 Quae
419 813 536 851 verba
565 825 646 851 cum
677 815 751 852 sint
779 814 999 859 certissima,
1030 815 1075 852 de
1103 814 1211 852 Flori
1239 826 1366 852 errore
1396 813 1637 861 cogitandum

182 887 254 914 non
285 881 357 920 est,
397 879 624 925 praesertim
667 890 748 916 cum
777 879 840 924 qui
881 882 1082 925 praeterea
1124 891 1170 916 ex
1198 879 1307 917 Livio
1336 879 1522 926 pendent,
1564 878 1637 925 ipsi

187 952 332 988 quoque
374 943 530 980 tradant
557 942 729 980 Mallium
772 946 859 980 ante
887 942 1114 990 Caepionem
1157 955 1202 980 ex
1244 943 1387 991 proelio
1416 942 1637 980 inferiorem

184 1005 412 1044 discessisse.
451 1006 510 1044 At
529 1006 665 1045 Granii
686 1007 865 1044 memoria
884 1018 956 1044 non
976 1008 1096 1046 solum
1116 1019 1198 1045 cum
1219 1008 1322 1050 Sall„
1348 1006 1453 1052 Tac„
1484 1006 1636 1055 Vell.‚¹)

183 1071 307 1108 Dione
327 1072 502 1118 concinit,
523 1072 589 1109 sed
609 1072 721 1108 etiam
740 1075 952 1118 temporum
972 1082 1140 1109 connexu
1161 1071 1292 1108 melior
1313 1072 1589 1118 comprobatur.
1605 1071 1635 1118 2)

181 1134 292 1173 Unde
321 1135 444 1173 elucet
470 1136 724 1182 fragmentum
752 1135 952 1180 Liciniani,
995 1136 1040 1173 de
1068 1147 1139 1182 quo
1168 1146 1266 1173 nunc
1293 1135 1440 1182 agitur,
1470 1146 1542 1173 non
1571 1146 1634 1172 ex-

184 1203 353 1247 cerptum
383 1211 428 1237 ex
456 1200 561 1237 libris
589 1199 780 1246 Livianis,
825 1200 891 1237 sed
932 1211 978 1237 ex
1020 1200 1094 1238 alio
1137 1203 1289 1237 auctore
1333 1210 1449 1246 eoque
1478 1200 1635 1238 meliore

180 1264 353 1302 haustum
382 1275 473 1301 esse.

285 1328 460 1366 Alterius
487 1329 650 1375 paginae
668 1329 832 1366 eiusdem
852 1329 933 1366 folii
953 1329 1026 1377 (ed.
1048 1329 1167 1366 Bonn.
1197 1340 1232 1375 p.
1258 1328 1321 1376 18)
1347 1339 1469 1375 pauca
1487 1331 1633 1366 tantum

183 1393 363 1430 extricari
391 1398 558 1440 possunt.
614 1393 776 1430 Sinistra
813 1393 985 1430 columna
1025 1393 1104 1430 sine
1147 1392 1258 1430 dubio
1301 1392 1426 1430 clades
1454 1392 1636 1430 Malliana

183 1462 341 1495 narrata
369 1461 466 1502 erat3
487 1458 535 1495 ’111
563 1458 684 1495 altera
711 1457 762 1506 (v.
785 1459 806 1494 5
827 1457 924 1506 sqq.)
952 1458 1196 1495 inveniuntur
1222 1458 1339 1495 verba
1368 1460 1420 1494 ‘eo
1451 1468 1634 1495 convene-

181 1526 268 1559 rant
298 1550 499 1561 ......
530 1525 622 1569 quot
653 1522 823 1570 reliqu[i]
869 1522 1052 1565 fuerunt',
1095 1532 1189 1568 quae
1231 1521 1431 1558 referenda
1465 1525 1554 1558 sunt
1587 1522 1636 1559 ad

183 1587 414 1625 exercituum
442 1587 632 1633 reliquias.
681 1586 729 1625 V.
752 1587 773 1624 8
794 1586 1015 1623 Hirschfeld
1043 1596 1186 1623 mecum
1215 1585 1501 1624 communicavit
1528 1597 1568 1624 se
1594 1587 1634 1624 in

181 1651 393 1698 fragmento
421 1662 648 1698 cognoscere
677 1651 773 1688 diem
802 1661 952 1698 pugnae
992 1651 1092 1697 apud
1119 1649 1372 1687 Arausionem
1401 1651 1630 1698 commissae,

181 1716 244 1762 qui
273 1727 347 1753 non
374 1717 542 1754 traditur
570 1716 642 1753 nisi
676 1715 776 1763 apud
802 1715 904 1753 Plut.
934 1715 1027 1753 Luc.
1057 1715 1117 1752 27.
1174 1714 1368 1762 Leguntur
1397 1715 1494 1752 enim
1521 1715 1630 1753 haec:

183 1780 378 1819 RINONC
409 1812 416 1819 .
444 1811 452 1819 .
485 1812 491 1818 .
523 1780 601 1826 ΟΒ,
630 1791 726 1826 quae
753 1780 907 1826 egregie
935 1780 990 1817 sic
1016 1782 1128 1826 putat
1154 1777 1419 1826 supplendum:
1447 1778 1631 1818 PRINO-

180 1844 389 1884 NOGTOB
418 1861 462 1873 =
490 1845 681 1894 [p]ri(die)
727 1844 888 1892 Nomas)
934 1843 1199 1893 O[ct]0b(res).
1254 1843 1350 1880 Tum
1397 1854 1430 1881 v.
1477 1845 1498 1880 7
1546 1849 1634 1891 post

185 1910 334 1957 ‘reliqui
379 1910 542 1947 fuerunt'
589 1909 750 1956 spatium
805 1909 866 1945 vix
921 1908 1025 1945 aliud
1070 1907 1236 1945 admittit
1286 1911 1398 1953 atque
1455 1907 1634 1956 ‘[pugn]a

181 1975 336 2025 [f]a[cta
363 1975 459 2023 est]'.

291 2040 506 2087 Sequuntur
519 2039 718 2077 secundum
731 2037 789 2077 ed.
800 2037 920 2075 Bonn.
930 2049 964 2075 v,
973 2038 997 2074 8
1006 2047 1083 2083 sqq.
1101 2035 1312 2084 ‘militu(m)
1325 2035 1636 2084 [calon]umque²)

279 2163 306 2207 ¹)
333 2162 559 2198 Burmeister
597 2160 662 2204 „de
698 2159 858 2195 fontibus
884 2158 1000 2194 Vellei
1024 2157 1084 2192 P.“
1120 2157 1251 2200 (Berol.
1282 2158 1383 2199 1894)
1415 2167 1634 2203 quamquam

185 2221 453 2259 demonstravit
474 2220 617 2255 Livium
642 2218 779 2254 fontem
810 2217 1023 2263 primarium
1047 2215 1163 2251 Vellei
1198 2215 1327 2260 fuisse,
1364 2216 1487 2250 tamen
1525 2215 1633 2251 etiam

183 2281 275 2317 alios
302 2281 498 2326 scriptores
524 2279 569 2314 ab
595 2289 636 2314 eo
663 2278 848 2322 inspectos
874 2286 954 2311 esse
979 2274 1153 2311 concedit.
1203 2273 1336 2310 Nostro
1367 2273 1445 2309 1000
1479 2273 1634 2309 fortasse

185 2340 340 2386 Nepotis
359 2338 538 2375 chronicis
557 2348 644 2372 usus
664 2338 730 2381 est,
756 2346 909 2381 quorum
927 2334 1081 2378 vestigia
1097 2333 1136 2367 in
1154 2343 1184 2368 c.
1202 2334 1312 2369 8-10
1328 2331 1633 2377 deprehendimus

181 2398 242 2445 (cf.
268 2399 494 2434 Bur-meister
519 2408 552 2442 p.
580 2397 624 2432 20
650 2397 686 2430 et
710 2397 780 2439 46).

237 2457 241 2460 “
275 2458 304 2501 ²)
331 2457 413 2492 Non
437 2458 536 2492 recte
554 2454 705 2491 Nitzsch
731 2453 768 2498 (1.
788 2463 816 2488 c.
838 2452 935 2495 adn.)
960 2451 1004 2487 de
1028 2453 1231 2496 temporum
1248 2449 1504 2486 consecutione
1529 2448 1633 2484 dubi·

180 2519 259 2553 tare
284 2516 375 2551 mihi
399 2515 554 2551 videtur.

275 2575 301 2619 ⁸)
327 2573 591 2619 ‘calonumque’
628 2574 766 2609 certum
792 2582 874 2608 esse
898 2570 987 2605 mihi
1023 2569 1184 2613 videtur,
1222 2567 1317 2613 quod
1347 2567 1474 2612 postea
1499 2566 1547 2610 (v.
1575 2566 1631 2608 12)

182 2634 226 2670 (10
267 2633 448 2680 equitibus
484 2643 604 2668 sermo
642 2633 699 2667 est
734 2641 852 2677 neque
890 2629 934 2665 de
971 2629 1042 2663 alio
1080 2627 1267 2673 copiarum
1307 2635 1440 2670 genere
1482 2623 1635 2668 cogitari

181 2695 314 2739 potest.
340 2712 381 2718 -
411 2691 546 2735 Verba,
572 2700 666 2737 quae
691 2702 722 2725 v.
752 2692 792 2725 12
819 2699 872 2734 sq.
898 2686 1109 2732 traduntur,
1146 2684 1302 2720 fortasse
1339 2683 1392 2719 sic
1427 2680 1633 2728 supplenda

182 2753 285 2788 sunt:
311 2749 490 2786 ‘consules
517 2750 553 2785 et
577 2749 719 2795 equites
744 2746 898 2783 Romani
924 2745 984 2791 e[x
1007 2744 1146 2791 proelio
1172 2741 1414 2788 effugerant]'.

253 2814 393 2843 Beruner
412 2813 550 2842 Studien.
585 2812 671 2841 xvi.
692 2811 749 2840 Bd.
786 2812 811 2840 3.
830 2810 913 2839 Hert.
1355 2796 1376 2831 3
