2066 3448
742 380 1028 419 „41—

159 504 430 544 existimandus
463 509 539 549 est3
567 516 654 542 nam
683 516 739 550 ea,
770 516 865 551 quae
894 507 1111 551 sequuntur,
1140 516 1270 543 rursus
1289 505 1327 542 in
1348 517 1380 542 a.
1403 503 1478 540 649
1500 503 1614 553 (105)

157 570 341 608 incidunt.

261 634 452 672 Liciniani
494 638 703 681 temporum
747 647 872 679 error,
917 635 962 672 de
990 646 1063 681 quo
1093 646 1202 672 nemo
1233 634 1400 679 dubitat,
1431 633 1615 681 quomodo

158 700 273 737 aliter
302 699 483 746 explicari
510 700 646 746 possit,
683 711 756 737 non
784 700 904 738 video.
960 700 1061 738 Nam
1093 700 1429 747 „epitomatorem“
1458 701 1617 745 propter

158 775 296 802 nomen
315 764 453 809 Mallii,
481 765 580 811 quod
608 763 707 802 infra
736 766 912 811 occurrit,
943 765 1134 810 nonnulla,
1164 775 1259 811 quae
1285 764 1457 801 duobus
1486 763 1618 800 annis

157 831 265 877 post
304 829 410 866 facta
451 833 557 874 sunt,
600 829 694 867 falso
722 830 783 867 hle
816 830 1020 866 inseruisse
1049 829 1132 866 edd.
1162 829 1282 865 Bonn.
1313 828 1403 865 mihi
1431 839 1504 864 non
1532 838 1616 875 per-

158 898 371 931 suaserunt.
435 892 642 931 Praeterea
685 894 841 940 ‘collega
881 894 1039 939 ManiH’,
1083 893 1181 940 quod
1225 893 1405 940 proximis
1447 893 1617 930 versibus

158 959 337 1005 legimus,
380 959 596 996 testimonio
640 962 696 996 est
730 962 843 996 antea
871 959 916 996 de
946 959 1075 995 Mallio
1104 969 1311 996 sermonem
1339 957 1503 1006 fuisse.¹)
1559 957 1617 994 Ob

159 1023 314 1061 eandem
361 1034 512 1061 causam
553 1034 662 1060 nemo
704 1027 873 1060 statuere
913 1025 1054 1070 poteri-t
1093 1025 1211 1061 verba
1247 1022 1325 1060 ‘Cn.
1350 1022 1540 1059 Manilius
1570 1042 1615 1049 --

160 1089 316 1126 eiectus'
338 1100 361 1126 a
379 1089 537 1126 librario
556 1089 679 1126 nescio
700 1099 772 1134 quo
791 1088 953 1135 margini
975 1089 1165 1135 adscripta
1184 1088 1223 1125 in
1243 1091 1389 1125 textum
1408 1088 1616 1134 irrepsisse.

158 1154 221 1191 Ac
248 1154 281 1190 si
310 1154 392 1200 quis
419 1157 527 1201 putet
554 1154 621 1190 illa
649 1154 766 1191 verba
795 1165 840 1190 ex
869 1153 943 1190 alio
981 1154 1063 1190 loeo
1107 1154 1231 1200 operis
1272 1153 1345 1190 huc
1386 1153 1620 1200 transposita

160 1229 253 1262 esse,
285 1219 320 1256 ei
349 1218 678 1255 demonstrandum
707 1221 765 1255 est
793 1218 977 1265 quomodo
1006 1218 1024 1254 f
1031 1222 1178 1255 actum
1207 1218 1274 1262 sit,
1311 1221 1352 1254 ut
1382 1218 1618 1254 enuntiatum

159 1284 205 1321 de
232 1294 304 1330 quo
333 1284 460 1330 agitur
487 1284 561 1321 huc
589 1287 911 1330 transponeretur.
959 1283 1169 1320 Praeterea
1198 1286 1328 1319 contra
1356 1282 1454 1319 hanc
1473 1292 1619 1327 quoque

160 1349 410 1396 suspicionem
447 1352 617 1395 pugnant
647 1349 764 1386 verba
788 1348 954 1394 ‘collega
981 1347 1137 1394 Manili',
1169 1348 1213 1385 de
1243 1347 1376 1394 quibus
1403 1346 1513 1383 modo
1543 1346 1620 1383 dis-

159 1414 354 1451 seruimus.

266 1478 346 1516 Iam
376 1490 466 1516 vero
495 1489 562 1516 nos
591 1481 854 1516 convertamus
883 1478 931 1514 ad
950 1478 1122 1525 proxima
1141 1479 1270 1522 verba,
1300 1487 1394 1523 quae
1413 1480 1456 1513 ut
1474 1475 1621 1513 tradita

159 1549 267 1589 sunt,
315 1554 490 1590 magnam
534 1543 795 1581 difficultatem
836 1543 1038 1590 praebent:
1100 1542 1282 1579 ‘Rutilius
1324 1553 1396 1579 cos.
1440 1541 1584 1587 collega
1615 1540 1618 1585 Ι

159 1607 293 1646 Manili
335 1610 407 1647 hoc
449 1619 546 1646 anno
577 1607 644 1647 Cn.
671 1609 676 1656 Ι
700 1608 902 1656 Pompeius
939 1613 1050 1646 natus
1091 1612 1148 1645 est
1187 1606 1298 1652 sollus
1345 1606 1623 1654 superreponit

160 1673 313 1722 aeq(ue)
338 1674 343 1719 Ι
369 1673 521 1723 adq(ue)
551 1672 686 1711 Cicero
730 1684 813 1710 cum
850 1676 970 1710 metus
995 1673 1000 1721 l
1025 1672 1342 1721 adventa(n)tium
1372 1670 1622 1715 Cimbrolrum

161 1742 282 1777 totam
310 1742 486 1785 quateret
509 1738 514 1785 1
540 1739 746 1782 civitatem,
775 1737 1045 1783 iusiuranldum
1075 1749 1097 1774 a
1122 1736 1366 1785 iuniorib(us)
1387 1736 1517 1782 exegit
1537 1735 1619 1773 etc.'

161 1803 222 1841 Ac
251 1803 368 1841 Pertz
397 1803 582 1841 iudicavit
610 1803 725 1841 verba
755 1802 935 1840 ‘Rutilius
964 1814 1035 1840 cos.
1068 1803 1215 1848 collega
1242 1801 1386 1838 Manili’
1418 1822 1464 1827 ψ-
1496 1804 1624 1837 cetera

161 1869 372 1917 depravata
399 1869 556 1915 reliquit
584 1890 634 1896 —
664 1868 813 1905 titulum
844 1869 929 1905 novi
958 1868 1048 1904 anni
1075 1868 1114 1904 in
1141 1867 1333 1904 Liciniani
1358 1865 1619 1910 „Annalibus“

161 1944 260 1972 esse:
289 1934 446 1981 proinde
476 1934 582 1980 quasi
610 1944 772 1979 unquam
802 1944 918 1970 annus
946 1932 1176 1979 significatus
1205 1932 1256 1969 sit
1283 1931 1441 1968 alterius
1461 1929 1625 1967 consulis

161 1999 321 2037 nomine.
378 1998 510 2045 Neque
551 1998 792 2044 intelligitur,
835 1998 924 2044 quid
952 1998 1023 2034 sibi
1050 1997 1145 2035 velit
1171 1997 1266 2034 haec
1294 1996 1510 2042 inscriptio,
1540 2005 1624 2031 cum

161 2064 235 2102 iam
266 2066 378 2101 antea
407 2063 452 2101 de
481 2064 594 2101 rebus
614 2074 648 2101 a.
671 2064 745 2100 649
766 2063 878 2112 (105)
907 2063 1026 2109 gestis
1055 2061 1240 2109 agatu1·.2)
1286 2060 1419 2098 Aliam
1438 2060 1624 2097 rationem

161 2129 326 2175 ingressi
354 2132 442 2165 sunt
470 2128 552 2165 edd.
574 2128 710 2175 Bonn.‚
742 2128 805 2173 qui
833 2129 948 2165 verba
978 2127 1158 2165 ‘Rutilius
1179 2149 1226 2153 -
1247 2126 1392 2163 Manili‘
1414 2125 1624 2162 subiectum

161 2197 299 2242 putant
326 2194 579 2241 posteriorum
607 2194 806 2232 verborum
838 2193 1106 2230 ‘iusiurandum
1136 2192 1289 2238 exegit',
1326 2202 1410 2228 cum
1437 2190 1555 2227 Pertz
1582 2196 1626 2226 ut

163 2258 376 2297 subiectum
419 2259 579 2296 haberet
619 2259 731 2296 nimis
773 2259 933 2296 licenter
974 2257 1192 2294 subaudiret
1234 2255 1425 2293 ‘senatus'.
1497 2254 1625 2292 Verba

164 2327 289 2361 autem
318 2335 413 2371 quae
445 2323 689 2361 intercedunt
718 2324 799 2361 ‘hoc
820 2345 866 2350 —-
891 2322 1033 2361 Cicero'
1063 2322 1119 2359 illi
1148 2321 1445 2358 additamentum
1471 2323 1626 2357 censent

166 2399 247 2426 esse
276 2388 324 2426 ab
354 2389 610 2436 epitomatore
638 2389 792 2426 factum.
840 2388 951 2436 Quod
979 2389 1018 2424 in
1047 2387 1347 2424 additamentum
1376 2395 1505 2422 rursus
1526 2385 1623 2421 arbi-

165 2457 319 2491 trantur
346 2454 463 2491 verba
494 2454 671 2491 nonnulla
701 2465 781 2491 esse
810 2453 1012 2497 inculcata,
1043 2463 1126 2490 cum
1155 2453 1209 2489 sic
1236 2455 1382 2489 textum
1401 2449 1625 2487 restituant:

166 2519 263 2556 ‘hoc‘
284 2530 382 2556 anno
412 2518 480 2557 Cn.
510 2519 712 2566 Pompeius
748 2523 860 2556 natus
889 2521 945 2556 est
974 2540 1021 2545 —
1051 2518 1154 2555 solus
1182 2516 1412 2564 super[io]re
1440 2515 1549 2562 ponit
1576 2534 1625 2541 —

262 2607 288 2652 1)
314 2605 357 2641 Id
393 2606 491 2652 quod
526 2607 599 2641 iam
637 2606 717 2643 edd.
742 2606 857 2642 Bonn.
884 2617 918 2651 p.
943 2604 1044 2640 XVII
1068 2615 1142 2640 non
1167 2603 1374 2650 praeteriit,
1412 2602 1475 2648 qui
1500 2601 1532 2636 si
1557 2601 1626 2637 sibi

168 2666 381 2701 constarent
406 2665 517 2701 etiam
540 2667 653 2702 verba
677 2665 830 2710 ‘collega
853 2664 991 2700 Manili’
1016 2663 1205 2699 includere
1230 2661 1424 2697 debebant.

261 2725 290 2768 ²)
315 2723 411 2759 Nam
435 2724 619 2760 Pertzium
649 2724 818 2770 prodigia
847 2723 911 2759 illa
942 2734 1037 2758 anno
1063 2724 1130 2759 648
1159 2723 1254 2766 (106)
1278 2721 1392 2756 fuisse
1417 2720 1628 2765 opinantem

167 2785 207 2820 in
232 2794 394 2820 errorem
418 2783 593 2819 incidisse
618 2783 679 2828 (cf.
706 2783 780 2819 Jul.
807 2783 1002 2829 Obs.1.e.)
1026 2793 1132 2817 nemo
1159 2780 1346 2816 infitiatur.
