2066 3448
959 388 1223 429 ..2-

363 516 474 555 civile
502 517 715 563 pertinent,
750 515 885 553 Livius
914 516 997 563 ipse
1026 514 1109 553 fons
1138 515 1256 552 fuerit
1284 525 1331 552 an
1360 519 1521 562 uterque
1550 515 1716 563 scriptor
1743 517 1834 553 hau-

359 582 453 619 serit
481 592 527 619 ex
558 580 688 618 eodem
716 580 833 624 fonte,
862 580 902 617 id
930 580 1029 626 quod
1057 579 1303 617 Bienkowski
1335 580 1418 624 „De
1446 580 1616 618 fontibus
1645 584 1682 618 et
1703 585 1834 618 aucto-

359 647 477 684 ritate
507 645 736 692 scriptorum
765 645 950 682 historiae
969 643 1238 682 Sertorianae“
1260 643 1487 693 (Cracoviae
1510 645 1630 694 1890)
1650 657 1686 693 p.
1708 646 1756 683 36
1777 657 1831 692 sq.

360 721 488 748 verum
511 720 593 747 esse
615 709 817 747 existimat.
863 710 989 756 Atque
1009 709 1120 747 unius
1141 714 1244 747 certe
1263 709 1467 755 fragmenti
1485 710 1561 746 iam
1581 710 1680 747 alius
1701 715 1837 748 auctor

358 780 471 821 atque
502 774 636 812 Livius
665 774 876 812 extricatus
905 777 963 811 est
992 785 1013 811 a
1032 774 1389 818 Maurenbrechero,
1421 774 1484 820 qni
1511 774 1550 811 in
1578 774 1757 821 Prolegg.
1785 775 1834 812 ad

357 839 400 879 C.
424 838 583 877 Sallusti
613 839 738 886 Crispi
780 839 1025 876 historiarum
1067 839 1250 886 reliquias
1295 837 1435 887 (1891)
1464 850 1499 885 p.
1534 840 1579 876 15
1609 850 1662 886 sq.
1715 839 1835 877 firmis

357 902 598 952 argumentis
632 905 744 941 nixus
778 904 1057 942 demonstravit
1084 904 1276 941 Liciniani
1305 904 1562 941 narrationem
1590 915 1717 942 rerum
1746 909 1837 951 post

357 969 487 1007 Sullae
515 973 677 1007 mortem
705 973 897 1016 gestarum
926 968 1081 1006 fluxisse
1111 980 1156 1006 ex
1186 968 1360 1006 Sallustii
1387 968 1569 1007 historiis.

463 1033 607 1081 Quodsi
647 1034 686 1071 iu
720 1034 792 1072 hac
829 1033 1087 1081 disputatione
1116 1033 1154 1070 id
1182 1034 1306 1081 ipsum
1336 1037 1514 1071 accurate
1543 1033 1834 1071 examinandum

357 1099 449 1137 mihi
484 1099 681 1147 proposui,
725 1110 798 1145 quo
828 1110 875 1136 ex
904 1099 1010 1136 fonte
1037 1099 1330 1145 unumquodque
1358 1099 1551 1136 Liciniani
1579 1098 1835 1145 fragmentum

356 1165 589 1209 manaverit,
632 1164 734 1201 haud
761 1164 897 1211 ignoro
926 1164 1025 1202 hanc
1053 1164 1315 1210 quaestionem
1345 1175 1427 1202 esse
1456 1163 1719 1202 difficillimam
1749 1175 1834 1201 cum

356 1234 516 1277 propter
544 1228 846 1276 fragmentorum
875 1229 1105 1266 brevitatem
1133 1233 1212 1266 tum
1242 1233 1466 1277 propterea,
1504 1229 1603 1276 quod
1633 1239 1700 1266 eae
1728 1229 1836 1276 ipsae

357 1306 427 1339 reS,
458 1305 555 1340 quae
583 1294 640 1331 his
667 1294 895 1340 fragmentis
923 1294 1139 1340 traduntur,
1171 1294 1264 1331 alibi
1292 1305 1450 1341 perraro
1480 1294 1588 1332 nobis
1617 1298 1835 1338 occurrunt,

358 1370 402 1397 ac
431 1359 478 1397 de
507 1359 730 1405 quibusdam
759 1359 872 1396 rebus
900 1369 1057 1406 prorsus
1079 1358 1357 1406 desperandum
1378 1370 1460 1396 esse
1481 1359 1643 1397 videtur.
1689 1358 1835 1396 Tamen

357 1424 454 1470 quod
482 1424 574 1461 haec
604 1423 776 1470 quaestio
806 1424 968 1461 maxime
997 1423 1214 1460 necessaria
1244 1427 1301 1461 est
1329 1423 1376 1469 ei,
1406 1424 1470 1470 qui
1489 1424 1535 1461 de
1555 1424 1626 1462 hoc
1645 1424 1836 1471 scriptore

356 1491 394 1525 et
422 1488 596 1535 inprimis
626 1488 672 1525 de
700 1487 773 1526 fide
804 1488 884 1525 eius
912 1487 1097 1525 historica
1125 1491 1272 1526 certum
1302 1492 1416 1534 atque
1436 1493 1581 1526 rectum
1602 1488 1728 1526 facere
1749 1489 1835 1527 vult

353 1553 547 1597 iudicium,
576 1554 744 1590 laborem
774 1564 843 1601 pro
872 1553 975 1591 virili
1002 1557 1113 1601 parte
1143 1554 1270 1590 subire
1298 1554 1462 1591 animum
1492 1553 1635 1591 induxi.

460 1618 686 1664 Priusquam
714 1622 840 1655 autem
861 1619 908 1655 ad
928 1619 1051 1666 ipsam
1070 1618 1330 1664 quaestionem
1352 1619 1588 1663 accedamus,
1618 1619 1838 1656 necessario

355 1683 400 1721 de
429 1687 601 1730 tempore
630 1683 757 1730 operis
778 1683 970 1721 Liciniani
999 1684 1108 1721 nobis
1137 1687 1194 1721 est
1223 1684 1494 1731 disputandum
1515 1688 1629 1730 atque
1648 1684 1836 1731 incipien-

359 1748 447 1785 dum
479 1760 500 1784 a
529 1747 729 1795 scriptoris
757 1749 919 1785 nomine.

461 1812 732 1861 Compluribus
762 1813 903 1851 codicis
930 1813 1080 1860 paginis
1109 1813 1335 1860 inscriptum
1365 1816 1424 1850 est
1451 1823 1586 1850 nomen
1609 1812 1835 1859 ‘Liciniani',

354 1889 428 1915 uno
470 1879 553 1916 loco
599 1877 681 1927 (fol.
712 1877 775 1915 IX
795 1878 831 1927 r)
867 1877 1010 1924 Georg.
1049 1878 1168 1916 Henr.
1204 1878 1337 1923 Pertz,
1382 1878 1445 1924 qui
1486 1877 1631 1925 primus
1666 1877 1832 1915 codicem

354 1943 635 1992 inspexerat,¹)
676 1944 774 1989 legit
810 1942 944 1981 ‘Grani
973 1943 1177 1981 Liciniani'
1222 1949 1337 1989 atque
1380 1942 1521 1980 ibidem
1563 1943 1714 1989 putavit
1751 1954 1835 1980 esse

354 2009 612 2056 praenominis
654 2008 819 2055 vestigia
865 2020 911 2055 „a
954 2008 1129 2045 ductibus
1163 2008 1380 2045 litterarum
1409 2007 1514 2045 GAI
1542 2007 1642 2044 haud
1670 2007 1831 2044 multum

356 2073 526 2113 diversa.
569 2084 666 2119 quae
701 2077 830 2110 tamen
874 2073 1092 2111 accuratius
1121 2073 1305 2119 distingui
1335 2083 1407 2109 non
1435 2076 1654 2120 poterant“.
1710 2072 1835 2110 Filius

354 2149 429 2175 non
457 2139 554 2175 vidit
582 2138 655 2175 nisi
685 2137 898 2176 ‘Liciniani'
928 2138 993 2187 (cf.
1025 2138 1082 2175 ed.
1115 2138 1235 2175 Bonn.
1266 2150 1302 2185 p.
1323 2137 1432 2175 XIII
1461 2142 1499 2174 et
1531 2136 1607 2185 12).
1651 2136 1725 2174 Sed
1744 2138 1834 2175 huic

355 2204 413 2241 rei
446 2214 519 2241 non
540 2214 720 2250 magnum
741 2207 970 2240 momentum
991 2207 1050 2241 est
1069 2203 1324 2241 tribuendum.
1353 2203 1454 2241 Nam
1475 2202 1589 2239 etiam
1604 2201 1665 2239 fol.
1684 2202 1786 2239 VIII
1800 2215 1833 2247 r,

354 2268 419 2306 ubi
447 2268 561 2305 Pertz
590 2272 700 2316 pater
727 2268 823 2315 legit
846 2268 1072 2312 ‘Liciniani',
1101 2268 1200 2306 filius
1228 2268 1305 2305 iam
1334 2268 1427 2304 nihil
1455 2267 1582 2315 potuit
1601 2267 1829 2313 discernere,

356 2333 455 2380 quod
492 2333 676 2380 quomodo
706 2332 846 2370 factum
876 2334 942 2379 sit,
977 2333 1076 2370 filius
1104 2333 1186 2380 ipse
1216 2333 1264 2370 ad
1292 2333 1398 2370 illum
1426 2332 1550 2369 locum
1595 2332 1678 2382 (fol.
1707 2332 1766 2370 IX
1794 2333 1831 2381 r)

356 2399 547 2446 explicare
590 2399 735 2435 studuit
778 2397 845 2446 (cf.
889 2398 945 2435 ed.
977 2398 1097 2436 Bonn.
1132 2410 1166 2446 p.
1202 2399 1248 2434 12
1279 2398 1397 2445 adn).
1458 2397 1596 2434 Mirum
1640 2408 1730 2434 sane
1773 2402 1832 2434 est

356 2464 553 2511 scriptoris
581 2474 715 2501 nomen
744 2463 808 2500 uni
836 2464 996 2510 paginae
1027 2463 1141 2500 aliter
1168 2463 1324 2501 inscribi
1345 2466 1459 2509 atque
1481 2463 1628 2500 ceteris.
1673 2463 1831 2507 Tamen,

362 2539 447 2565 cum
478 2528 524 2566 G.
556 2528 606 2565 H.
637 2528 753 2566 Pertz
783 2529 954 2566 codicum
984 2528 1226 2575 legendorum
1254 2528 1508 2576 peritissimus
1537 2539 1671 2565 nomen
1693 2527 1829 2565 Granii

453 2675 480 2717 ¹)
507 2674 598 2710 Vide
629 2675 743 2720 praef.
778 2675 832 2710 ed.
858 2675 974 2710 Bonn.
1001 2686 1037 2720 p.
1064 2674 1131 2710 VII
1150 2685 1230 2720 sqq.
1269 2694 1311 2700 -
1354 2674 1388 2709 A
1414 2674 1832 2720 Bonnensibusfprinci·

360 2732 455 2778 palis
483 2732 653 2768 foliorum
678 2735 804 2779 series,
837 2745 946 2779 quam
972 2733 1078 2769 Pertz
1103 2745 1177 2769 non
1204 2736 1435 2778 cognoverat,
1462 2736 1560 2769 certo
1586 2735 1736 2769 inventa
1763 2735 1829 2769 est,

356 2793 485 2838 Itaque
511 2792 624 2828 Bonn.
653 2793 708 2828 ed.
735 2793 871 2839 ubique
898 2804 1104 2839 sequemur.
