2066 3448
973 360 1234 401 ..8-

376 487 632 535 transscripta
676 497 777 530 esse,
822 486 884 532 qui
926 484 1010 523 fons
1045 489 1104 523 est
1133 485 1438 533 „chorographia
1465 487 1667 524 Pliniana“
1701 497 1797 534 quae
1828 499 1849 524 a

374 552 608 591 Mommseno
631 551 859 598 appellatur,
879 550 904 586 i.
926 561 959 588 e.
974 550 1093 587 Plinii
1113 555 1274 587 naturae
1295 551 1457 588 historia
1476 552 1526 588 ad
1546 552 1850 599 chorographiae

375 617 534 655 formam
576 616 736 654 redacta
777 618 817 651 et
859 615 1051 661 excerptis
1081 614 1243 652 aliorum
1272 619 1471 653 auctorum
1503 616 1848 664 chorographorum

377 686 415 719 et
443 680 816 728 chronographorum
845 679 1012 727 aucta.1)
1051 678 1138 716 Hac
1167 680 1448 727 chorographia
1477 684 1603 718 autem
1633 693 1715 719 cum
1745 684 1850 729 Apu-

375 745 471 783 leius
515 745 569 793 (in
613 744 777 792 Florid.)
818 743 944 780 Marci
972 742 1127 780 Aurelii
1169 744 1401 791 temporibus
1442 745 1519 782 iam
1560 757 1650 784 usus
1692 747 1742 784 sit
1784 747 1848 795 (cf.

377 810 588 847 Mommsen
616 809 639 846 1.
673 820 702 846 c.
734 819 769 855 p.
800 806 921 845 XXII
949 808 1062 856 sqq),
1109 807 1192 846 fieri
1221 820 1294 846 non
1323 813 1467 857 potest,
1511 810 1601 856 quin
1630 811 1852 849 Licinianus

376 874 492 913 fuerit
521 878 608 911 ante
637 873 857 921 Apuleium.

495 938 631 985 Itaque
662 949 707 975 ex
736 938 925 983 omnibus,
969 948 1065 985 quae
1096 939 1141 976 de
1170 939 1370 986 scriptoris
1398 943 1567 986 tempore
1598 940 1853 984 disseruimus

379 1004 555 1048 efficitur,
603 1007 647 1040 ut
689 1003 824 1040 ultima
866 1003 1057 1040 Hadriani
1104 1007 1231 1042 aetate
1278 1008 1318 1041 et
1358 1003 1547 1042 Antonini
1575 1004 1637 1042 Pii
1679 1004 1852 1042 floruisse

380 1068 655 1106 existimandus
699 1068 760 1106 sit.
816 1067 948 1114 Atque
976 1068 1015 1105 in
1043 1069 1183 1106 iudicio
1219 1070 1286 1107 1110
1317 1069 1363 1106 de
1393 1068 1576 1107 Sallustio
1606 1069 1709 1107 facto
1737 1071 1854 1107 verba

379 1138 478 1171 ‘nam
507 1132 545 1171 S.
577 1143 648 1170 11011
693 1136 738 1170 ut
765 1133 986 1171 historicum
1027 1134 1166 1171 aiunt’
1209 1135 1439 1181 generaliter
1482 1135 1586 1173 dicta
1627 1135 1769 1181 optime
1797 1134 1853 1171 in-

378 1198 629 1245 telleguntur,
687 1198 719 1235 si
764 1198 1006 1236 Licinianum
1055 1199 1100 1236 de
1156 1200 1423 1245 aequalium
1481 1200 1617 1237 studiis
1664 1199 1856 1245 cogitasse

379 1268 569 1311 putamus.
641 1263 775 1310 Neque
818 1263 888 1300 illa
929 1263 976 1301 de
1017 1263 1123 1301 Iovis
1165 1265 1307 1312 templo
1350 1266 1397 1301 ab
1440 1265 1640 1302 Hadriano
1683 1264 1855 1311 perfecto

380 1329 599 1366 narratione
627 1327 703 1364 iam
734 1327 972 1373 offendimur,
1019 1339 1131 1375 quam
1167 1330 1395 1376 scriptorem
1423 1331 1619 1376 aequalem
1648 1340 1769 1367 novae
1798 1329 1856 1365 rei

382 1393 633 1431 admiratione
675 1393 854 1431 affectum
896 1394 1002 1440 operi
1043 1394 1249 1432 inseruisse
1291 1395 1361 1432 tibi
1403 1395 1647 1442 persuadeas.
1710 1393 1856 1442 Quibus

383 1458 528 1496 duabus
556 1459 670 1495 rebus
700 1457 944 1495 confirmatur
973 1469 1048 1496 non
1076 1459 1217 1496 iniuria
1245 1470 1313 1496 nos
1343 1460 1437 1497 locis
1463 1459 1541 1496 illis
1561 1457 1768 1496 Solinianis
1787 1459 1857 1501 ita,

382 1527 425 1560 ut
466 1523 674 1560 secundum
702 1522 979 1561 Mommsenum
1009 1522 1104 1572 (Sol.
1135 1535 1174 1571 p.
1202 1523 1409 1572 XXVIH)
1451 1524 1623 1568 fecimus,
1667 1524 1706 1561 in
1742 1534 1856 1570 argu-

383 1588 618 1626 mentatione
648 1593 781 1625 nostra
809 1598 898 1625 usos
928 1599 1021 1626 esse.

488 1652 697 1690 Frontonis
725 1657 909 1700 tempore,
941 1664 1012 1700 quo
1041 1653 1232 1691 industria
1260 1654 1468 1700 scriptores
1498 1653 1640 1690 formas
1670 1656 1710 1690 et
1739 1653 1858 1690 verba

383 1718 540 1764 antiqua
588 1719 824 1764 quaerebant
869 1718 1089 1766 priscosque
1135 1718 1402 1763 imitabantur,
1451 1718 1691 1756 Licinianum
1739 1717 1859 1754 fuisse

385 1785 576 1830 postremo
606 1793 650 1819 eo
680 1783 880 1830 probatur,
909 1783 1010 1829 quod
1031 1783 1130 1830 apud
1150 1783 1249 1820 hunc
1270 1793 1418 1829 quoque
1438 1783 1534 1820 talia
1554 1783 1815 1829 reperiuntur,
1829 1781 1860 1830 2)

384 1847 507 1886 velut:
555 1848 825 1885 auscultare
868 1847 919 1897 (p.
954 1848 1000 1885 16
1030 1848 1064 1884 Β
1096 1847 1174 1896 10),
1210 1859 1283 1894 quo
1312 1848 1478 1885 libenter
1507 1852 1666 1885 utuntur
1693 1847 1860 1884 Plautus

388 1916 425 1950 et
467 1912 673 1950 Terentius
720 1913 855 1961 (semel
900 1917 1048 1950 tantum
1091 1911 1169 1950 Cic.
1219 1924 1290 1960 pro
1332 1913 1446 1951 Rosc.
1489 1912 1623 1950 Amer.
1656 1913 1717 1958 36,
1750 1912 1859 1960 104).

492 1977 759 2025 Derepente
781 1978 831 2026 (p.
856 1978 905 2015 20
925 1977 965 2015 Α
989 1979 1066 2027 18),
1087 1978 1186 2024 quod
1205 1989 1227 2015 a
1247 1976 1394 2015 Catone
1423 1989 1540 2024 usque
1568 1977 1616 2015 ad
1637 1976 1861 2015 Suetonium

393 2042 493 2090 apud
537 2043 746 2090 scriptores
789 2044 974 2081 orationis
1010 2043 1159 2081 solutae
1201 2053 1276 2080 non
1306 2043 1489 2085 occurrit3
1534 2054 1622 2080 nam
1653 2042 1751 2090 apud
1781 2040 1859 2079 Cic.

385 2107 473 2153 Lig.
506 2108 541 2153 5,
575 2110 634 2152 14,
663 2108 747 2146 Liv.
778 2108 889 2155 XXI,
920 2109 983 2153 41,
1015 2108 1049 2151 6,
1080 2107 1168 2145 Tac.
1197 2107 1301 2145 Hist.
1330 2107 1364 2153 I,
1395 2108 1444 2145 63
1475 2119 1548 2145 non
1577 2112 1681 2145 recte
1708 2107 1862 2154 legitur.

389 2172 522 2219 quibus
551 2172 643 2210 locis
672 2173 805 2220 optimi
835 2173 984 2211 codices
1014 2174 1195 2221 ‘repente'
1226 2174 1422 2218 praebent.

493 2237 609 2275 Ario
623 2237 882 2275 bardianen
911 2239 966 2286 (p.
989 2238 1039 2275 34
1059 2238 1097 2275 A
1119 2239 1185 2286 19)
1214 2249 1284 2285 pro
1320 2237 1622 2274 Ariobarzanen.
1671 2236 1860 2274 Priscian.

388 2304 417 2347 I,
448 2304 496 2341 31
528 2307 697 2341 testatur
725 2304 841 2341 haec:
873 2303 1206 2350 ‘antiquissimi
1251 2313 1398 2349 quoque
1427 2302 1655 2339 Medientins
1685 2302 1865 2339 dicebant

532 2415 559 2459 ²)
585 2414 663 2449 Illis
691 2424 836 2460 quoque
861 2413 963 2459 loeis,
990 2424 1080 2460 quos
1107 2413 1309 2457 attulimus,
1334 2412 1614 2448 fundamentum
1639 2413 1865 2448 narrationis

391 2475 447 2509 est
471 2473 582 2508 Plinii
613 2472 792 2509 naturalis
829 2472 986 2509 historia
1012 2472 1091 2517 (111,
1120 2476 1173 2517 11,
1201 2475 1243 2509 99
1271 2474 1307 2508 et
1331 2472 1396 2518 XI,
1421 2475 1475 2515 27,
1503 2473 1561 2516 95)
1589 2473 1697 2507 aucta
1723 2471 1865 2507 addita-

389 2533 523 2568 mentis
551 2543 597 2568 ex
621 2532 810 2568 Liciniano
835 2533 974 2578 petitis

486 2593 510 2637 2)
539 2591 663 2628 Genus
690 2591 869 2627 sermonis
894 2591 999 2637 peius
1026 2602 1108 2627 esse
1140 2601 1251 2636 quam
1282 2590 1380 2636 quod
1407 2589 1574 2626 Caesaris
1602 2589 1866 2636 Ciceronisque

392 2651 538 2697 aequali
574 2651 770 2696 tribuatur,
810 2651 872 2685 vix
910 2652 966 2686 est
1003 2650 1099 2696 quod
1139 2649 1369 2686 admoneam.
1418 2649 1565 2694 Madvig
1590 2651 1641 2695 (p.
1668 2650 1752 2694 405)
1791 2649 1865 2684 iam

392 2710 570 2745 nonnulla
609 2711 809 2755 annotavit,
849 2720 943 2756 quae
981 2710 1060 2745 sine
1085 2709 1162 2745 ulla
1188 2709 1416 2745 dubitatione
1442 2709 1657 2754 posterioris
1688 2707 1868 2753 temporis

391 2769 554 2814 insignia
579 2769 749 2805 habenda
776 2773 872 2806 sunt.
