2066 3448
767 358 1059 400 „25—

954 501 1090 524 ποντο
1134 485 1209 535 μὲν
1244 484 1432 525 ἅπαντες
1475 482 1654 521 ἀκούον-

954 566 1022 593 τες
1064 551 1106 588 ἐν
1150 551 1338 595 ἑαυτοῖς,
1382 550 1484 598 κοινῇ
1512 563 1551 597 γε
1581 548 1651 597 μὴν

954 617 1054 661 ἔδοξε
1080 618 1127 667 τῇ
1153 615 1340 665 συγκλήτῳ
1359 614 1419 651 τὸν
1441 613 1505 662 μὲν
1526 612 1653 662 Δημή-

915 653 918 729 i
953 698 1048 733 τριον
1078 683 1281 732 κατασχεῖν,
1311 681 1362 730 τῷ
1386 679 1424 716 δὲ
1444 680 1652 716 καταλελει-

955 748 1052 798 μένῳ
1081 746 1176 784 παιδὶ
1218 744 1558 794 συγκατασκευάζειν
1591 744 1653 793 τὴν

954 813 1117 865 ἀρχήν-1)

284 904 362 942 Hic
392 916 460 951 pro
491 905 689 953 explorato
719 904 932 941 habendum
962 907 1020 941 est
1044 902 1286 939 Licinianum
1315 899 1364 937 ad
1393 899 1550 937 verbum
1569 907 1652 935 ver-

179 969 272 1007 tisse
313 971 573 1007 narrationem
601 970 869 1018 Polybianam‚
915 973 1027 1014 atque
1063 970 1265 1005 concentus
1296 966 1496 1003 verborum
1525 967 1655 1000 tantus

180 1038 254 1080 est,
300 1039 342 1072 ut
384 1035 629 1073 verisimilius
674 1035 765 1071 mihi
793 1034 971 1071 videatur
1001 1032 1187 1071 Granium
1217 1043 1263 1068 ex
1291 1031 1374 1077 ipso
1403 1029 1566 1076 Polybio
1595 1029 1654 1065 vel

180 1100 342 1147 epitome
370 1100 585 1148 Polybiana
613 1110 727 1146 quam
757 1110 803 1136 ex
833 1098 984 1136 Graeco
1020 1098 1125 1134 fonte
1156 1097 1203 1133 ad
1232 1095 1434 1143 Polybium
1467 1094 1654 1131 redeunte

179 1166 362 1204 hausisse.
407 1166 518 1214 Quod
542 1168 669 1202 autem
689 1165 751 1202 hic
771 1165 865 1202 satis
886 1168 990 1202 certo
1012 1163 1270 1210 cognovimus,
1288 1162 1386 1198 idem
1410 1160 1654 1198 statuendum

181 1235 238 1270 est
268 1231 313 1269 de
342 1231 561 1278 fragmento
591 1231 671 1275 illo,
703 1231 800 1277 quod
829 1231 950 1278 primo
980 1230 1064 1267 loco
1086 1229 1124 1266 in
1145 1228 1404 1275 quaestionem
1425 1226 1652 1265 vocavimus.

879 1498 943 1535 ΠΙ
949 1529 954 1535 .

284 1587 344 1625 Ex
371 1588 439 1633 iis,
469 1599 564 1634 quae
594 1588 716 1625 adhuc
745 1587 1011 1634 disseruimus,
1041 1587 1136 1624 satis
1166 1587 1267 1624 clare
1297 1586 1373 1623 iam
1403 1588 1565 1633 apparet
1591 1596 1654 1622 res

177 1652 371 1690 Asiaticas
398 1653 602 1690 secundum
633 1653 818 1700 optimum
839 1652 980 1689 fontem
1018 1656 1219 1690 enarratas
1249 1652 1377 1689 fuisse.
1435 1651 1487 1688 Et
1514 1655 1654 1697 tamen,

180 1721 364 1764 quantum
386 1730 432 1755 ex
456 1719 685 1765 fragmentis
707 1718 884 1765 cognosci
904 1722 1044 1766 potest,
1065 1719 1103 1756 in
1124 1719 1237 1756 rebus
1257 1718 1423 1766 Syriacis
1444 1719 1656 1757 describen-

179 1783 238 1820 dis
267 1783 492 1822 Licinianus
520 1795 596 1821 non
625 1784 813 1831 copiosior
843 1788 926 1821 erat
955 1795 1066 1830 quam
1094 1785 1142 1821 iis
1169 1784 1275 1830 locis,
1307 1784 1442 1831 quibus
1471 1784 1516 1822 de
1544 1785 1656 1823 rebus

177 1849 361 1886 Romanis
402 1849 497 1896 agit.
553 1849 612 1887 At
655 1860 772 1886 unum
818 1852 945 1886 exstat
987 1850 1242 1896 fragmentum
1272 1850 1382 1887 valde
1411 1850 1657 1888 memorabile

169 1907 264 1960 (fol.
297 1913 342 1952 ΙΙ
361 1925 397 1959 11,
428 1914 486 1951 ed.
516 1914 642 1951 Bonn.
672 1925 708 1961 p,
741 1914 824 1962 36),
855 1925 926 1960 quo
956 1913 1002 1951 de
1030 1914 1272 1952 intestinis
1301 1916 1415 1952 rebus
1443 1915 1658 1963 Bithynicis

178 1984 257 2016 tam
300 1979 422 2016 multa
467 1979 594 2026 affert,
639 1985 683 2017 ut
718 1979 789 2016 hoc
817 1979 901 2016 loco
931 1980 1112 2017 usitatum
1142 1980 1334 2017 scribendi
1362 1980 1512 2018 modum
1543 1985 1657 2028 atque

177 2044 365 2082 rationem
394 2055 548 2092 prorsus
578 2044 755 2082 videatur
785 2049 963 2082 mutasse.
1018 2044 1063 2082 Id
1084 2045 1208 2082 adhuc
1227 2045 1394 2083 nondum
1415 2047 1656 2085 observatum

178 2119 259 2147 esse
288 2109 455 2147 videtur.

284 2172 363 2212 Sub
390 2173 502 2211 finem
530 2174 596 2212 fol.
626 2174 671 2212 Π
690 2186 710 2212 1·
739 2175 812 2225 (ed.
842 2175 966 2213 Bonn.
997 2187 1032 2222 p.
1065 2175 1132 2224 34)
1174 2175 1396 2214 Licinianus
1425 2177 1582 2224 exponit
1611 2177 1657 2214 de

177 2239 307 2277 Sullae
334 2243 422 2287 post
451 2251 584 2287 pacem
611 2240 788 2278 Dardani
817 2240 958 2278 factam
986 2241 1177 2278 institutis
1206 2244 1244 2279 et
1272 2246 1466 2289 postremo
1510 2242 1598 2292 (col.
1622 2243 1657 2280 Β

181 2305 227 2342 15
269 2305 370 2355 sqq.)
414 2305 634 2343 Nicomedis
675 2305 742 2343 HI
793 2305 1057 2354 Philopatoris
1105 2318 1267 2353 regnum
1310 2307 1515 2356 Bithyniae
1558 2319 1656 2345 com-

178 2373 366 2407 memorat
394 2381 477 2408 esse
505 2371 741 2408 restitutum.
797 2371 882 2409 Fol.
913 2371 992 2408 nu
1022 2371 1075 2421 (p.
1106 2372 1176 2421 36)
1208 2373 1492 2410 accuratissime
1528 2373 1657 2420 agitur

180 2435 226 2472 de
253 2435 365 2473 huius
392 2435 612 2474 Nicomedis
643 2436 706 2474 ΙΠ
735 2440 774 2474 et
802 2436 973 2475 Socratis
1002 2437 1135 2475 fratris
1164 2438 1243 2476 vita
1273 2441 1361 2475 ante
1390 2442 1487 2485 acta,
1519 2449 1591 2484 qua
1618 2439 1656 2475 in

274 2583 302 2626 1)
326 2582 425 2628 App.
451 2582 533 2628 Syr.
559 2585 616 2626 46,
657 2594 765 2629 quem
803 2594 920 2630 usque
955 2584 1001 2620 ad
1027 2595 1057 2621 c.
1084 2586 1127 2620 52
1154 2584 1353 2620 verisimile
1381 2587 1437 2620 est
1462 2584 1657 2630 Polybium

179 2642 296 2688 sequi,
315 2652 465 2677 causam
482 2641 631 2687 petendi
656 2643 805 2678 omnino
821 2654 896 2678 non
918 2642 1034 2679 affert.
1074 2642 1180 2687 Quod
1197 2643 1300 2680 dicit:
1328 2644 1519 2691 Δημήτριον
1538 2673 1546 2681 .
1565 2673 1574 2681 .
1594 2673 1602 2681 .
1621 2673 1629 2681 .
1649 2675 1658 2691 ,

180 2700 254 2739 ἔτος
273 2700 428 2748 ἄγοντα
454 2699 594 2747 τρίτον
613 2698 666 2736 ἐπὶ
682 2702 753 2740 τοῖς
772 2699 885 2746 simut,
905 2713 978 2748 qua
995 2703 1031 2738 in
1051 2714 1091 2738 re
1109 2714 1182 2738 uno
1201 2714 1298 2739 anno
1317 2703 1440 2740 differt
1458 2715 1479 2740 a
1497 2704 1655 2751 Polybio

179 2760 436 2806 neglegentiae
462 2760 655 2806 scriptoris
680 2761 917 2797 tribuendum
943 2772 1023 2798 esse
1048 2762 1203 2798 videtur.
