2066 3448
1000 370 1287 411 -34-

411 504 485 532 non
512 495 635 532 minus
661 496 817 544 sem[u]l
845 496 1003 542 periisse
1032 495 1369 544 existim[an]t[u]r
1389 525 1395 533 .
1419 517 1428 533 ι
1450 496 1484 542 -.’,
1513 496 1647 542 quibus
1674 495 1714 532 in
1741 493 1870 532 verbis

412 559 553 596 ‘semul'
585 559 679 607 (cod.
711 558 886 608 SEMEL)
913 560 1075 597 maxime
1096 560 1249 598 dubium
1268 563 1342 602 est;
1370 570 1545 597 numerus
1564 560 1692 607 potius
1710 559 1870 596 militum

412 627 451 660 et
479 623 651 660 calonum
680 624 965 661 interfectorum
995 635 1064 671 pro
1100 624 1240 662 ‘semel’
1284 624 1542 661 restituendus
1582 634 1666 661 esse
1707 623 1869 662 videtur.

411 687 528 733 Quem
556 687 641 725 Liv.
675 699 754 734 per.
790 688 838 724 67
880 688 937 725 ita
978 688 1098 732 affert,
1140 692 1184 725 ut
1223 688 1365 725 milites
1406 692 1445 725 et
1486 688 1636 725 calones
1677 690 1868 725 secernat:

414 751 585 788 ‘militum
613 752 718 789 milia
746 752 941 793 octoginta
970 753 1105 799 occisa,
1137 752 1307 790 calonum
1338 755 1377 789 et
1417 752 1580 789 lixarum
1615 752 1872 799 quadraginta

413 815 615 853 secundum
636 816 909 862 Arausionem’,
929 816 994 853 ubi
1014 817 1163 854 numeri
1181 815 1380 854 Antiatem
1399 816 1562 863 sapiunt,
1589 816 1688 863 quod
1707 816 1874 854 affirmat

414 878 523 917 Oros.
558 879 607 926 V,
641 880 700 925 16,
723 881 755 917 3.
777 882 801 917 4
844 882 1049 927 ‘octoginta
1089 881 1195 918 milia
1227 880 1486 918 Romanorum
1526 881 1786 927 sociorumque
1827 891 1873 918 ea

413 948 640 992 tempestate
667 945 878 989 trucidata,
921 946 1170 992 quadraginta
1210 945 1313 982 milia
1356 945 1528 982 calonum
1572 948 1684 991 atque
1711 946 1872 982 lixarum

414 1009 618 1046 interfecta
645 1008 818 1046 Antias
852 1010 1005 1055 scribit;
1046 1010 1102 1047 ita
1144 1021 1189 1047 ex
1218 1010 1318 1046 omni
1345 1010 1493 1056 penitus
1522 1009 1690 1047 exercitu
1720 1010 1873 1047 decem

415 1073 726 1110 tantummodo
774 1073 991 1117 homines,
1046 1074 1113 1120 qui
1157 1075 1333 1111 miserum
1375 1074 1549 1111 nuntium
1593 1074 1641 1111 ad
1683 1074 1874 1121 augendas

415 1138 587 1174 miserias
623 1142 881 1185 reportarent,
923 1138 1153 1186 superfuisse
1193 1139 1439 1176 referuntur?
1494 1138 1578 1176 Hos
1619 1149 1793 1176 numeros
1827 1139 1873 1175 ab

417 1201 579 1239 Antiate
606 1201 713 1239 fictos
748 1213 828 1239 esse
866 1214 939 1239 non
981 1206 1040 1240 est
1080 1202 1180 1249 quod
1221 1213 1447 1240 moneamus.
1461 1201 1489 1251 1)
1544 1202 1722 1249 Apparet
1750 1206 1874 1240 autem

418 1265 553 1304 Granii
579 1267 694 1303 verba
716 1270 770 1304 ‘eo
791 1271 1046 1304 convenerant
1065 1289 1113 1294 —-
1135 1271 1225 1314 quot
1244 1267 1379 1314 reliqui
1398 1266 1561 1304 fuerunt'
1590 1278 1664 1304 non
1691 1278 1802 1314 posse
1830 1267 1875 1304 de

418 1330 567 1368 decem
620 1331 831 1368 hominibus
879 1331 981 1369 dicta
1027 1342 1124 1376 esse,
1178 1332 1233 1369 ita
1273 1335 1316 1369 ut
1357 1331 1405 1369 ad
1447 1332 1640 1369 Valerium
1683 1332 1875 1369 Antiatem

417 1395 543 1432 redire
570 1400 740 1441 nequeat.
755 1395 783 1444 2)

522 1458 596 1497 Sed
625 1470 731 1503 cave,
762 1470 807 1497 ne
834 1460 940 1497 inde
968 1460 1202 1498 confidenter
1244 1460 1445 1498 concludas
1474 1460 1652 1498 Livium
1681 1460 1876 1497 Liciniano

418 1524 457 1561 in
500 1524 670 1561 manibus
711 1535 787 1561 non
827 1524 955 1562 fuisse.
1012 1524 1137 1562 Licet
1178 1526 1276 1562 enim
1319 1525 1490 1562 conicere
1531 1525 1683 1563 Livium
1724 1528 1878 1572 praeter

421 1588 617 1626 Antiatem
662 1589 775 1626 etiam
817 1600 863 1626 ex
904 1589 990 1626 aliis
1032 1589 1249 1627 auctoribus
1289 1589 1491 1636 sumpsisse
1532 1600 1716 1626 numeros.
1778 1589 1879 1627 Nam

420 1653 568 1692 Valerii
594 1653 806 1691 narrationi
833 1654 1069 1700 maximeque
1102 1654 1268 1692 numeris
1307 1654 1442 1690 mirum
1483 1653 1523 1690 in
1564 1654 1715 1691 modum
1756 1654 1877 1692 auctis

422 1717 582 1756 diffisum
611 1729 766 1764 eamque
808 1717 854 1755 ob
895 1729 975 1755 rem
1017 1719 1190 1765 graviter
1222 1719 1260 1755 in
1289 1729 1373 1755 eum
1402 1718 1590 1755 invectum
1619 1729 1698 1756 esse
1726 1719 1878 1756 Livium

420 1783 520 1820 inter
548 1793 674 1820 omnes
703 1786 862 1820 constat.
916 1783 1056 1829 Quodsi
1084 1787 1187 1820 recte
1215 1783 1416 1820 statuimus
1444 1783 1552 1820 Livio
1582 1784 1742 1820 aliorum
1769 1784 1877 1821 testi-

423 1847 546 1884 monia
573 1850 723 1893 praesto
752 1847 879 1892 fuisse,
907 1847 946 1884 in
974 1848 1078 1885 illam
1108 1848 1295 1894 epitomen
1322 1847 1521 1885 Livianam
1550 1848 1797 1895 deperditam,
1831 1859 1876 1886 ex

425 1922 498 1957 qua
525 1915 563 1948 et
581 1912 779 1959 periochae
799 1913 1022 1960 superstites
1041 1916 1081 1950 et
1101 1912 1258 1950 Orosius
1277 1916 1537 1956 manaverunt,
1550 1912 1579 1961 ³)
1608 1913 1689 1951 sola
1707 1912 1879 1950 Antiatis

519 2045 546 2090 1)
574 2044 678 2080 Diod.
705 2047 795 2090 36,1
824 2046 887 2090 qui
911 2045 1146 2081 Posidonium
1172 2045 1338 2091 sequitur
1364 2045 1422 2091 (cf.
1440 2045 1657 2081 Miillenhoff
1675 2046 1880 2089 „Deutsche

427 2103 770 2139 Altertumskunde“
798 2103 833 2138 II
858 2115 892 2149 p.
914 2108 978 2141 177
1004 2105 1099 2150 sqq.)
1125 2104 1247 2150 prodit
1263 2106 1357 2140 toto
1373 2104 1437 2140 illo
1455 2104 1551 2139 bello
1571 2104 1710 2141 Gallico
1735 2105 1881 2141 circiter

427 2162 488 2197 LX
512 2162 613 2197 milia
636 2162 793 2197 militum
818 2162 982 2207 periisse.
1030 2163 1152 2209 Atque
1178 2163 1373 2208 Vegetius,
1407 2163 1452 2198 de
1475 2174 1515 2198 re
1539 2164 1613 2198 mil.
1638 2164 1705 2209 ΙΙΙ,
1725 2167 1779 2209 10,
1818 2165 1880 2210 qui

427 2231 646 2267 quamquam
669 2223 710 2256 ut
733 2222 946 2265 posterioris
972 2222 1104 2257 aetatis
1130 2222 1286 2267 scriptor
1311 2232 1384 2257 non
1407 2222 1459 2258 ita
1485 2233 1617 2266 magna
1646 2222 1717 2258 fide
1748 2223 1879 2267 dignus

427 2280 494 2325 est,
511 2281 635 2314 tamen
650 2290 723 2314 non
740 2290 889 2324 prorsus
909 2280 1018 2316 debet
1033 2280 1189 2325 neglegi,
1209 2281 1318 2316 etiam
1331 2280 1486 2316 Marium
1499 2281 1672 2327 reliquias
1690 2282 1881 2317 amborum

428 2338 652 2373 exercituum
675 2339 883 2383 repperisse
908 2339 1022 2374 docet.

519 2397 547 2441 2)
574 2396 650 2432 Ηοο
679 2397 855 2442 praeterit
879 2397 1147 2433 Franckenium
1178 2400 1226 2443 (p.
1255 2400 1349 2442 251),
1375 2399 1437 2444 qui
1462 2410 1495 2434 v.
1522 2401 1564 2434 10
1590 2398 1737 2435 SEMEL
1764 2400 1884 2435 mutat

426 2455 466 2490 in
489 2454 637 2490 XLMIL
676 2456 749 2493 „ita
786 2457 827 2490 ut
852 2456 1008 2501 scriptor
1034 2457 1200 2492 calonum
1238 2458 1274 2492 et
1309 2457 1466 2492 lixarum
1503 2457 1746 2503 quadraginta
1775 2457 1883 2493 *milia

426 2514 646 2558 interempta
672 2524 752 2549 esse
769 2514 876 2549 nimis
894 2514 1063 2550 credulus
1083 2527 1127 2550 ex
1145 2515 1289 2551 Valerio
1307 2516 1457 2552 Antiate
1473 2517 1716 2561 repetiverit.“
1753 2516 1882 2562 Neque

428 2571 578 2616 respicit
602 2571 828 2607 Licinianum
863 2573 982 2608 dicere
1020 2573 1064 2609 de
1100 2574 1334 2609 ‘militibus
1374 2574 1679 2622 [calon]ibusque’
1717 2577 1765 2620 (v.
1793 2575 1881 2620 8s9).

431 2629 526 2673 Quot
549 2631 670 2666 autem
695 2631 790 2667 MIL.
816 2632 985 2676 ponenda
1009 2632 1094 2677 sint,
1119 2632 1228 2677 plane
1252 2632 1433 2668 incertum
1457 2636 1592 2670 manet.

524 2689 551 2733 3)
577 2689 848 2733 Zangemeister
886 2690 974 2735 „Die
999 2690 1176 2726 Periocha
1202 2691 1264 2727 des
1290 2691 1438 2726 Livius“
1474 2692 1513 2727 in
1540 2692 1746 2736 „Festschr.
1769 2704 1799 2727 z.
1826 2694 1883 2728 36.

432 2746 678 2792 (Karlsruher)
704 2747 1208 2793 Philologenversammlung“
1240 2752 1327 2786 1882
1353 2761 1388 2795 p.
1415 2752 1458 2786 89
1485 2761 1538 2797 sq.
