2066 3448
897 399 1188 440 ,82-

315 529 585 570 restituerunt:
622 527 688 563 sed
719 527 757 563 in
787 526 947 572 singulis
976 526 1097 562 multa
1125 525 1273 562 incerta
1301 530 1510 563 remanent.
1566 526 1625 563 De
1661 525 1777 570 fonte,

310 593 407 630 unde
436 593 529 629 haec
560 591 796 639 deprompsit
823 591 1002 638 scriptor,
1041 591 1135 627 nihil
1165 594 1294 638 potest
1323 591 1458 628 conici.
1513 591 1777 629 Proximorum

308 657 473 694 eiusdem
503 657 591 694 anni
620 657 811 694 factorum
841 656 1101 693 narrationem
1131 655 1456 692 accuratissimam
1479 655 1594 693 fuisse
1614 660 1775 699 constat,

305 734 385 759 cnm
429 733 498 768 per
540 722 631 758 duas
674 722 836 768 paginas
864 720 944 769 (fol.
982 720 1041 757 IX
1069 732 1089 757 r
1118 724 1157 757 et
1183 719 1270 757 XII
1298 721 1338 768 u)
1383 720 1660 766 porrigeretur.
1717 721 1777 758 De

307 787 465 824 alterius
486 787 650 824 consulis
670 786 818 823 suffecti
838 786 883 823 P.
902 784 1073 823 Cornelii
1089 785 1245 822 Lentuli
1266 785 1413 821 meritis
1433 785 1558 831 agitur
1578 784 1639 823 fol.
1658 785 1739 823 XII
1758 797 1778 822 r

307 851 368 900 (cf.
400 856 515 898 caput
544 852 575 895 I,
606 850 658 899 2).

411 918 448 955 2.
495 917 573 953 fol.
604 916 640 953 V
670 927 689 952 1·
719 916 795 963 (ed.
817 915 943 952 Bonn.
972 926 1010 961 p.
1032 916 1093 959 38,
1124 926 1169 952 ex
1184 915 1270 952 libr.
1291 914 1499 961 XXXVI).
1548 913 1777 961 Triumphos

305 992 488 1018 annorum
519 982 596 1017 674
623 980 713 1029 (80)
743 985 782 1017 et
811 981 886 1017 673
937 979 1024 1028 (81)
1065 980 1174 1017 initio
1218 980 1328 1017 huius
1371 980 1573 1025 fragmenti
1615 991 1778 1018 comme·

305 1050 484 1088 moratos,
530 1046 576 1083 de
605 1045 741 1092 quibus
769 1055 885 1093 supra
913 1044 1057 1093 (capite
1085 1044 1159 1093 Π.)
1189 1045 1264 1082 iam
1293 1055 1414 1082 sermo
1444 1051 1539 1089 erat,
1569 1050 1778 1091 sequuntur

309 1111 492 1157 quaedam
521 1111 637 1148 verba
665 1111 711 1147 de
735 1110 835 1147 ludis
855 1121 878 1147 a
896 1110 1067 1147 Lucullis
1086 1110 1282 1153 fratribus,
1295 1109 1325 1158 ¹)
1355 1120 1440 1146 cum
1468 1109 1611 1146 aediles
1630 1110 1778 1147 curules

306 1179 442 1219 essent,
473 1175 583 1212 datis.
642 1176 697 1213 Ac
727 1186 811 1212 cum
841 1175 900 1217 iis,
929 1186 1027 1221 quae
1047 1175 1109 1212 hic
1127 1178 1346 1220 narrantur,
1368 1175 1536 1212 concinit
1558 1174 1777 1212 Fenestella

307 1240 407 1288 apud
435 1240 534 1278 Plin.
564 1240 651 1278 hist.
682 1244 759 1277 nat.
791 1239 898 1286 VIII,
930 1241 963 1286 7,
999 1240 1062 1276 19:
1110 1240 1265 1277 ‘Romae
1294 1250 1482 1286 pugnasse
1518 1239 1778 1288 (elephantos)

304 1305 524 1342 Fenestella
561 1306 682 1342 tradit
708 1306 871 1352 primum
900 1305 1067 1342 omnium
1095 1305 1134 1341 in
1164 1306 1264 1342 circo
1295 1304 1431 1342 Claudi
1459 1304 1617 1342 Pulchri
1645 1304 1777 1342 aedili-

309 1374 390 1408 tate
418 1371 551 1414 curuli‚
582 1371 635 1407 M.
665 1370 840 1408 Antonio
871 1373 909 1406 et
938 1371 989 1407 A.
1019 1369 1214 1407 Postumio
1245 1381 1354 1414 coss,
1399 1381 1495 1407 anno
1539 1369 1643 1407 urbis
1687 1370 1777 1410 655.

307 1436 397 1472 item
426 1439 514 1482 post
542 1446 661 1472 annos
680 1435 759 1472 XX
778 1435 1028 1472 Lucullorum
1059 1435 1253 1472 aedilitate
1273 1436 1396 1472 curuli
1422 1435 1602 1472 adversus
1621 1436 1776 1472 tauros'.

309 1500 452 1548 Quibus
498 1512 543 1537 ex
584 1500 710 1537 verbis
753 1500 878 1537 elucet
905 1500 1155 1537 Lucullorum
1200 1500 1434 1537 aedilitatem
1464 1500 1502 1537 in
1532 1510 1671 1537 annum
1701 1500 1777 1537 675

312 1564 415 1613 (79),
457 1576 543 1610 non,
573 1569 616 1602 ut
645 1565 727 1602 edd.
759 1566 879 1602 Bonn.
910 1565 1108 1611 adnotant,
1139 1565 1179 1602 in
1207 1577 1347 1603 annum
1377 1566 1453 1602 674
1483 1565 1568 1615 (80)
1597 1565 1775 1602 incidere.

309 1630 401 1668 Cum
421 1630 642 1667 Licinianus
671 1641 790 1677 aeque
818 1634 932 1676 atque
951 1629 1171 1667 Fenestella
1199 1631 1270 1668 hac
1298 1630 1494 1667 occasione
1514 1630 1645 1667 oblata
1665 1630 1713 1668 ad
1734 1628 1776 1667 C.

307 1694 507 1733 Claudium
537 1695 740 1733 Pulchrum
769 1695 905 1732 redeat
933 1706 1092 1742 eumque
1120 1696 1285 1743 primum
1313 1695 1460 1733 Romae
1489 1696 1778 1743 elephantorum

302 1771 468 1808 pugnam
514 1760 793 1807 spectatoribus
834 1760 1057 1807 praebuisse
1085 1760 1254 1803 adnotet,
1297 1759 1399 1796 haud
1440 1759 1583 1796 iniuria
1612 1759 1778 1805 aliquam

309 1825 411 1862 inter
438 1825 526 1862 illos
555 1825 762 1871 scriptores
789 1825 1108 1862 necessitudinem
1137 1828 1308 1862 statuere
1336 1824 1446 1861 nobis
1474 1825 1657 1862 videmur.

409 1890 560 1927 Deinde
590 1890 832 1933 describitur,
861 1889 1048 1936 quomodo
1070 1889 1316 1927 Volaterrani
1335 1889 1464 1927 Sullae
1492 1901 1531 1927 se
1561 1889 1778 1927 dediderint

302 1955 403 2004 (Liv.
436 1966 515 2003 per.
546 1955 615 1997 89,
660 1955 776 1992 schol.
821 1954 939 1992 Gron.
969 1967 1005 2002 p.
1036 1955 1113 1992 428
1150 1954 1235 2000 Or.‚
1279 1954 1419 1992 Strabo
1450 1955 1499 2001 V,
1532 1955 1574 1999 2,
1596 1954 1648 2004 6).
1703 1955 1780 1992 Hic

305 2024 431 2057 autem
452 2031 647 2057 connexus
667 2030 794 2057 rerum
824 2023 901 2056 tam
928 2021 1110 2057 obscurus
1129 2024 1198 2061 est,
1228 2024 1271 2056 ut
1291 2032 1313 2056 a
1331 2019 1562 2057 Mommseno
1583 2020 1644 2069 (R.
1667 2019 1714 2058 G.
1736 2018 1781 2056 Π

303 2096 339 2132 p.
360 2084 465 2133 331),
482 2085 722 2122 Franckenio
739 2085 794 2133 (p.
812 2084 917 2134 253),
934 2085 1084 2132 Langio
1105 2085 1258 2133 („R6m.
1276 2085 1448 2123 Altert.“
1469 2084 1537 2122 III
1556 2095 1592 2131 p.
1613 2085 1687 2122 160
1702 2086 1773 2132 sq.)

304 2161 461 2196 prorsus
508 2151 658 2188 diverse
705 2151 756 2187 sit
804 2155 1022 2194 enarratus,
1070 2161 1296 2197 quamquam
1343 2151 1602 2196 unusquisque
1649 2160 1778 2187 eorum

304 2215 476 2261 sequitur
509 2215 761 2252 Licinianum.
823 2215 918 2263 Quis
964 2226 1094 2252 eorum
1140 2219 1286 2252 rectum
1328 2215 1486 2258 viderit,
1534 2218 1663 2252 certo
1707 2225 1780 2252 non

305 2283 433 2327 potest
479 2280 750 2324 demonstrari,
804 2287 933 2317 tamen
980 2279 1204 2317 Mommseni
1256 2280 1444 2318 sententia
1490 2280 1582 2317 mihi
1628 2279 1780 2317 videtur

305 2345 621 2392 probabilissima.
677 2345 718 2382 Is
761 2345 860 2382 enim
904 2346 1068 2392 primum
1115 2347 1351 2383 enuntiatum
1394 2346 1450 2383 ita
1483 2345 1693 2392 intellegit,
1741 2351 1781 2381 ut

305 2409 538 2455 Carbonem,
584 2409 783 2447 Sullanum
818 2411 968 2454 ducem,
1013 2410 1079 2456 qui
1121 2410 1308 2447 obsidioni
1343 2410 1574 2457 praefuerit,
1617 2421 1640 2448 a
1683 2410 1780 2447 suis

304 2475 544 2512 militibus
573 2475 763 2523 lapidibus
793 2475 957 2512 occisum
986 2486 1068 2513 esse
1097 2478 1260 2512 censeat.
1307 2475 1438 2513 Primo
1468 2475 1617 2522 quidem
1647 2475 1782 2512 obtutu

307 2539 431 2578 Carbo
474 2551 496 2577 a
538 2540 871 2578 Volaterranis
913 2541 1040 2588 potius
1081 2540 1236 2578 videtur
1279 2551 1359 2578 esse
1401 2541 1626 2578 trucidatus.
1695 2539 1782 2577 Hac

309 2605 485 2652 opinione
526 2616 614 2643 usus
642 2605 776 2651 Lange
817 2617 898 2649 eos,
943 2609 1145 2653 postquam
1188 2606 1264 2642 iam
1307 2605 1355 2642 ad
1397 2604 1526 2643 Sullae
1569 2609 1699 2653 partes
1741 2615 1782 2642 se

306 2670 601 2718 applicaverint,
644 2682 777 2708 rursus
818 2670 1001 2708 defecisse
1043 2674 1155 2717 putat
1199 2673 1238 2707 et
1272 2669 1484 2708 Carbonem
1527 2683 1549 2707 a
1584 2670 1692 2708 Sulla
1733 2669 1781 2707 iis

308 2735 541 2781 praefectum
571 2735 778 2773 necavisse.
835 2735 894 2772 At
921 2735 993 2772 bis
1036 2736 1168 2772 urbem
1205 2746 1286 2772 esse
1315 2740 1567 2783 expugnatam
1596 2745 1782 2782 nusquam

402 2823 425 2867 l)
453 2822 507 2857 De
534 2822 668 2868 quibus
695 2823 738 2858 cf.
765 2822 957 2857 Drumann
982 2822 1031 2858 IV
1057 2834 1091 2868 p.
1124 2824 1190 2858 120
1216 2833 1297 2868 sqq.
1323 2824 1360 2858 et
1383 2834 1419 2868 p.
1448 2824 1524 2858 176.
