2066 3448
726 402 1016 442 ..67-

145 530 258 574 atque
300 527 400 565 servi
442 527 517 564 iam
560 528 802 575 transfugere
846 529 1041 576 coeperint
1085 526 1234 578 (App),
1283 527 1462 565 Metellus
1503 537 1614 564 exer-

146 592 261 630 citum
302 592 450 630 reducit
477 592 515 629 in
559 594 691 630 urbem
721 593 859 641 (Lic.);
902 593 1083 630 suadente
1111 592 1266 630 Metello
1278 592 1307 641 1)
1350 592 1467 642 (Lic.)
1494 591 1616 638 legati

144 656 348 693 mittuntur
377 656 424 693 ad
453 655 612 695 Cinnam
641 657 759 706 (Lic.,
803 657 938 705 App),
983 669 1141 704 quorum
1184 658 1223 695 in
1266 667 1422 694 numero
1453 656 1612 694 Crassus

145 721 261 759 fuisse
280 721 435 759 videtur
455 722 584 771 (Lic).
628 722 674 760 In
692 722 765 759 fine
786 723 982 760 columnae
1002 722 1113 760 valde
1134 722 1382 759 detruncatus
1402 724 1460 758 est
1479 721 1612 764 codex,

143 796 227 823 cum
255 785 498 824 Franckenio
528 787 580 836 (p.
607 787 700 832 243)
731 788 839 825 nobis
867 788 985 824 liceat
1012 787 1300 824 altercationem
1332 786 1478 831 ducum,
1508 786 1613 823 cuius

142 850 284 888 mentio
325 850 369 887 fit
410 852 538 888 verbis
581 856 769 898 ‘regresso
797 851 938 889 Crasso
983 863 1026 889 ac
1067 852 1280 900 iurg[a]nte
1310 862 1394 889 cum
1423 850 1610 894 Metello',

141 915 229 952 inde
259 915 463 963 explicare,
494 916 594 962 quod
614 916 795 954 Metellus
824 927 897 953 non
919 916 1094 964 probavit
1115 916 1265 963 legatos
1284 926 1493 959 recusasse,
1523 925 1613 961 quo·

141 979 264 1017 minus
293 980 452 1018 Cinnam
482 982 698 1019 salutarent
732 981 924 1019 consulem
953 980 1072 1029 (App.
1105 992 1136 1019 c.
1167 981 1252 1030 69),
1297 981 1362 1018 sed
1400 980 1526 1017 omnia
1553 990 1611 1017 re-

139 1045 244 1091 liqna
287 1045 399 1093 plane
441 1046 589 1083 incerta
632 1049 734 1083 sunt.
789 1044 927 1091 Itaque
970 1046 1058 1082 num
1102 1057 1147 1082 ex
1174 1045 1241 1082 illo
1270 1056 1399 1082 rerum
1428 1046 1612 1082 concentu

145 1109 442 1148 concludendum
472 1111 522 1148 sit
541 1110 784 1148 Licinianum
813 1110 884 1147 hoc
912 1110 995 1147 loco
1025 1110 1073 1147 ad
1101 1109 1434 1157 prioremfontem
1454 1108 1611 1153 redisse,

140 1174 178 1211 in
207 1175 320 1213 dubio
349 1176 531 1222 relinquo,

245 1239 474 1287 Priusquam
503 1244 631 1277 autem
661 1240 708 1277 ad
736 1239 848 1277 finem
868 1251 1129 1287 properamus,
1158 1239 1328 1277 breviter
1348 1237 1610 1276 disserendum

140 1309 199 1343 est
227 1305 274 1343 de
302 1306 470 1353 auspicio
498 1306 608 1343 initio
637 1305 843 1351 fragmenti
871 1305 1030 1349 tradito,
1073 1305 1173 1350 quod
1202 1315 1318 1351 supra
1346 1303 1559 1351 praeterire
1590 1312 1611 1339 e

139 1381 182 1407 re
209 1371 318 1408 nobis
339 1382 421 1408 esse
441 1370 651 1408 videbatur.
700 1370 805 1406 Idem
826 1370 1034 1415 auspicium
1055 1370 1198 1406 habent
1217 1368 1399 1407 Valerius
1420 1367 1609 1404 Maximus

137 1436 167 1480 I,
198 1436 234 1480 5,
264 1435 287 1472 5
308 1440 347 1473 et
375 1436 477 1473 Plut.
506 1435 602 1472 Mar.
634 1446 664 1472 c.
688 1435 737 1471 38
769 1433 883 1482 (fin),
914 1434 980 1471 sed
1009 1434 1123 1481 paulo
1155 1433 1268 1470 aliter
1295 1444 1375 1470 rem
1406 1432 1610 1479 explicant.

136 1499 237 1539 Nam
257 1499 343 1539 Val.
364 1500 466 1538 Max.
498 1505 537 1537 et
555 1499 661 1538 Plut.
691 1501 851 1537 tradunt
870 1499 1036 1537 Marium
1065 1499 1213 1536 asinum
1243 1497 1497 1545 conspexisse,
1527 1507 1608 1533 cum

137 1567 176 1602 in
206 1565 357 1603 domum
384 1565 557 1603 Fanniae
587 1566 803 1609 duceretur,
834 1564 1014 1608 Granius,
1046 1575 1128 1600 cum
1160 1563 1269 1600 domo
1300 1562 1432 1600 exiret.
1489 1560 1608 1605 Idem,

137 1631 177 1668 id
205 1631 306 1677 quod
335 1631 436 1679 apud
456 1637 605 1668 ceteros
625 1631 830 1677 scriptores
858 1641 933 1667 non
954 1629 1178 1673 invenimus,
1206 1639 1288 1665 rem
1308 1627 1505 1672 coniungit
1525 1637 1609 1663 cum

137 1696 314 1742 barbaro,
347 1696 410 1742 qui
438 1695 604 1732 Marium
632 1705 771 1732 necare
799 1695 922 1732 iussus
953 1697 1047 1731 erat.
1084 1714 1133 1720 -—
1173 1694 1230 1729 Ac
1257 1691 1507 1729 Plutarchum
1536 1691 1608 1727 hic

138 1762 184 1810 (c.
216 1761 267 1799 38
295 1759 380 1810 fin.)
412 1772 458 1798 ex
486 1760 598 1798 Livio
634 1760 804 1797 hausisse
839 1758 1088 1795 similitudine
1125 1768 1209 1794 cum
1239 1757 1324 1793 Val.
1354 1756 1456 1792 Max.
1488 1756 1606 1792 inter-

137 1825 295 1863 cedente
314 1825 512 1863 evincitur.
543 1825 745 1872 Appianus
765 1835 795 1862 c.
819 1825 864 1860 61
887 1835 961 1860 non
983 1826 1256 1860 commemorat
1275 1821 1346 1858 hoc
1366 1820 1607 1865 miraculum,

135 1891 274 1928 ceteris
302 1891 342 1928 in
370 1891 483 1928 rebus
511 1890 643 1937 fugam
662 1889 776 1926 Marii
806 1888 936 1925 eodem
964 1887 1086 1931 modo,
1117 1886 1306 1923 interdum
1326 1885 1460 1922 iisdem
1480 1885 1606 1922 verbis

133 1960 269 1993 narrat
297 1959 411 2002 atque
429 1955 531 1992 Plut.
556 1966 586 1992 c.
609 1955 657 1991 39
688 1954 770 2003 (ubi
799 1954 844 1991 de
871 1964 979 1990 servo
1008 1951 1190 1996 traditur,
1219 1951 1279 1987 cui
1307 1950 1527 1987 mandatum
1547 1953 1607 1987 est

134 2024 177 2058 ut
204 2018 365 2058 Marium
407 2019 639 2068 interficiat).
698 2019 804 2067 Quae
846 2017 1053 2055 similitudo
1096 2020 1200 2053 recte
1229 2016 1286 2052 ita
1314 2015 1507 2061 explicata
1537 2017 1604 2058 est,

136 2085 414 2123 utPosidonius
431 2085 638 2122 communis
653 2085 848 2130 utriusque
864 2082 1062 2129 scriptoris
1080 2080 1563 2128 auctor-fuisseputaretur.
1575 2079 1605 2127 2)

134 2149 210 2188 Sed
224 2150 467 2189 Plutarchus.
490 2154 533 2187 ut
552 2150 687 2186 Busolt
708 2148 885 2192 ostendit,
906 2147 1059 2184 Livium
1079 2156 1229 2191 quoque
1251 2144 1427 2181 adhibuit
1447 2154 1605 2190 eumque

134 2220 289 2253 secutus
317 2215 366 2264 (c.
390 2216 438 2252 39
461 2218 558 2252 extr.
591 2218 628 2251 et
647 2215 698 2251 40
726 2214 829 2261 init.)
858 2213 999 2249 finem
1030 2211 1144 2257 fugae
1172 2209 1289 2246 Marii
1318 2208 1522 2255 descripsit
1550 2209 1606 2244 ita

133 2284 177 2318 ut
219 2280 372 2328 paulum
417 2280 611 2326 discrepet
653 2290 735 2316 cum
764 2278 960 2325 Appiano.
1018 2275 1130 2322 Apud
1173 2275 1273 2311 hunc
1316 2274 1414 2310 enim
1458 2272 1506 2322 (c.
1539 2273 1606 2320 62)

132 2345 279 2382 Marius
298 2356 320 2382 a
338 2344 665 2381 Minturnensibus
694 2344 871 2380 dimissus
900 2340 1044 2389 (αὐτίκα
1071 2342 1134 2385 τῆς
1155 2338 1295 2379 πόλεως
1316 2336 1512 2386 ἐξέπεμπον
1533 2336 1604 2386 ὅπῃ

134 2407 274 2447 δύναιτο
303 2408 498 2457 σώζεσθαι)
527 2409 688 2446 occultis
707 2408 911 2445 itineribus
932 2406 978 2442 ad
1000 2416 1104 2442 mare
1124 2403 1298 2452 pervenit
1319 2407 1357 2440 et
1376 2403 1604 2449 piscatorem

133 2485 258 2512 senem
288 2475 418 2521 cogit
446 2485 573 2512 secum
602 2483 762 2510 ancoras
790 2472 950 2509 solvere.
1009 2471 1061 2506 At
1099 2468 1199 2516 apud
1228 2467 1472 2505 Plutarchum
1502 2467 1602 2503 Min-

228 2622 254 2664 1)
280 2620 561 2657 Restituendum
589 2630 669 2655 esse
694 2620 782 2664 puto
802 2618 830 2653 B
848 2620 888 2653 16
907 2627 962 2662 sq.
988 2626 1072 2651 cum
1096 2614 1296 2649 Bursiano:
1324 2612 1498 2657 ‘legatum
1519 2611 1600 2656 [ΜΒ

131 2681 243 2716 immo
267 2680 323 2725 P.]
353 2679 560 2725 C[rassum]
590 2676 840 2723 de[cern]i[t].'

227 2740 256 2784 ²)
282 2738 498 2775 Miillenhoff
525 2737 733 2780 „Deutsche
764 2732 1114 2772 Altertumskunde“
1142 2730 1177 2766 II
1203 2742 1238 2777 p.
1269 2731 1346 2765 159.
1388 2750 1430 2754 —
1474 2728 1604 2764 Busolt

130 2799 156 2834 1.
183 2809 213 2834 c.
239 2809 274 2844 p.
301 2800 368 2835 337
396 2809 450 2844 sq.

1347 2851 1392 2889 5*
