2066 3448
493 555 597 601 Quae
626 555 847 592 coniectura
874 553 1046 600 quamvis
1075 554 1229 601 egregia
1256 554 1377 601 primo
1398 555 1534 592 obtutu
1552 555 1741 600 videatur,
1770 565 1855 592 mea

390 619 539 666 quidem
567 619 757 657 sententia
784 630 859 657 non
886 619 981 656 satis
1009 626 1116 656 certa
1144 623 1211 656 est.
1259 619 1522 666 Neglexerunt
1551 621 1650 658 enim
1691 620 1749 657 illi
1783 619 1856 657 viri

388 685 490 722 docti
501 683 531 733 ¹)
573 688 728 732 praeter
768 683 1014 721 Ammianum
1042 683 1307 721 Marcellinum
1351 687 1519 722 statuam
1547 685 1659 724 Jovis
1687 684 1855 732 Olympii

386 750 434 787 ab
467 749 662 787 Antiocho
696 749 896 796 Epiphane
938 749 1161 786 collocatam
1190 748 1379 787 Granium
1420 760 1568 796 quoque
1602 750 1749 795 testari,
1792 750 1855 796 qui

387 825 471 852 cum
496 815 607 852 simul
627 814 673 851 de
691 814 792 852 Jove
812 813 1027 861 Capitolino
1048 814 1161 859 dicat,
1183 815 1396 852 necessario
1418 815 1498 852 eius
1516 815 1634 853 verba
1653 814 1856 852 referenda

334 881 337 883 ’
387 883 475 917 sunt
509 880 557 917 ad
592 879 697 916 illam
733 882 900 916 statuam
929 879 967 915 in
995 879 1132 927 oppido
1160 879 1324 926 Daphne
1353 880 1526 927 positam.
1539 880 1569 929 2)
1624 879 1856 927 Ceteroquin

387 944 569 981 coniciam
613 945 651 981 in
679 944 873 981 Liciniani
914 947 1022 981 textu
1064 955 1199 982 nomen
1240 944 1315 982 loci
1358 948 1424 982 aut
1458 945 1630 982 socordia
1658 945 1856 992 scriptoris

388 1009 563 1047 omissum
607 1020 688 1046 esse
730 1013 797 1046 aut
839 1009 939 1055 quod
974 1009 1147 1056 equidem
1176 1011 1297 1057 magis
1326 1010 1571 1055 crediderim,
1615 1010 1856 1057 neglegentia

385 1074 535 1112 librarii
563 1073 801 1111 intercidisse
831 1078 870 1111 et
897 1073 1062 1111 fortasse
1091 1085 1172 1112 esse
1191 1075 1435 1112 inserendum
1456 1075 1728 1119 ‘Antiochiae'‚
1757 1074 1857 1121 quod

386 1140 435 1177 ad
464 1144 662 1186 utramque
691 1142 856 1176 statuam
885 1139 1167 1177 accomodatum
1197 1144 1293 1179 erat.
1334 1140 1433 1178 Nam
1453 1139 1640 1178 Granium
1667 1140 1724 1177 ita
1743 1139 1857 1177 etiam

386 1205 502 1242 situm
521 1205 655 1252 templi
674 1203 704 1242 J
706 1205 787 1242 ovis
807 1204 975 1253 Olympii
994 1205 1207 1251 significare
1228 1206 1396 1253 potuisse
1417 1209 1457 1243 et
1473 1217 1541 1253 per
1556 1217 1595 1243 se
1610 1205 1857 1252 intelligitur,

386 1270 485 1316 quod
505 1270 666 1318 Daphne
692 1281 810 1318 prope
829 1270 1077 1308 Antiochiam
1097 1271 1172 1308 sita
1187 1275 1270 1308 erat
1281 1271 1325 1320 3),
1347 1274 1385 1308 et
1402 1272 1671 1318 comprobatur
1687 1272 1857 1320 exemplo
1907 1290 1909 1293 .

386 1335 538 1381 Justini,
574 1336 638 1382 qui
665 1336 692 1373 1.
722 1347 752 1373 c.
783 1337 838 1373 sic
867 1336 977 1373 dicit:
1008 1335 1244 1374 ‘Alexander
1272 1336 1519 1374 Antiochiam
1548 1337 1730 1384 profugit.
1784 1337 1856 1375 Ibi

384 1401 494 1448 inops
529 1400 712 1448 pecuniae
738 1430 873 1439 .....
895 1412 914 1438 6
942 1401 1084 1448 templo
1121 1400 1233 1439 Jovis
1269 1403 1354 1440 etc'.
1410 1401 1592 1439 Fortasse
1629 1402 1745 1440 etiam
1773 1408 1860 1450 post

386 1466 504 1504 verba
525 1471 584 1503 ‘ex
603 1465 785 1516 Media'4)
805 1466 857 1515 (B
882 1467 945 1515 14)
968 1466 1109 1504 excidit
1129 1468 1342 1512 ‘reversus'‚
1371 1467 1469 1514 quod
1496 1478 1580 1504 cum
1600 1466 1857 1505 ‘Antiochiae'

385 1542 500 1569 unum
529 1531 658 1579 explet
686 1542 847 1569 versum.

494 1596 552 1634 De
572 1596 774 1634 altitudine
803 1600 954 1634 statuae
980 1597 1013 1634 si
1041 1597 1237 1644 probabile
1267 1601 1336 1643 est,
1366 1597 1463 1644 quod
1491 1598 1529 1634 in
1557 1601 1706 1635 textum
1734 1598 1861 1646 recepi

388 1662 566 1700 ‘colossos
603 1662 733 1710 duo[s]
769 1662 906 1699 denum
936 1662 1175 1707 cubitorum',
1205 1663 1392 1700 consentit
1421 1663 1644 1700 Licinianus
1680 1674 1763 1701 cum
1782 1662 1859 1700 Ar-

386 1726 517 1771 nobio3
561 1726 735 1764 Clemens
768 1726 1054 1765 Alexandrinus
1097 1732 1222 1765 autem
1266 1727 1478 1774 quindecim
1522 1728 1734 1766 cubitorum
1776 1739 1858 1766 eam

388 1796 555 1830 statuam
586 1791 701 1830 fuisse
730 1792 860 1830 tradit.

492 1858 603 1896 Inter
631 1869 804 1895 nummos
829 1862 955 1896 autem
975 1857 1004 1895 J
1007 1870 1111 1896 ovem
1132 1858 1390 1906 Nicephorum
1409 1860 1613 1906 prabentes
1636 1863 1674 1896 et
1693 1862 1860 1897 statuam

385 1924 491 1961 illam
525 1924 624 1961 ullus
669 1934 859 1962 connexus
893 1936 968 1962 non
998 1925 1151 1961 videtur
1178 1924 1430 1969 intercedere,
1459 1929 1575 1971 atque
1604 1935 1750 1961 summo
1777 1924 1860 1962 iure

384 1988 583 2028 Overbeck
610 1993 739 2027 tantas
766 2000 1007 2026 nummorum
1036 1989 1311 2037 discrepantias
1342 1989 1589 2033 demonstrat,
1620 1993 1664 2027 ut
1689 2000 1860 2027 nummos

386 2059 564 2092 accurate
610 2055 817 2092 secundum
858 2058 1024 2092 statuam
1060 2065 1217 2092 excusos
1252 2065 1326 2092 non
1355 2065 1437 2092 esse
1466 2055 1570 2092 clare
1598 2055 1859 2102 intellegatur.

480 2155 508 2198 ¹)
558 2154 665 2191 Solus
685 2154 868 2191 Cavedoni
895 2154 1097 2195 (Bulletino
1123 2154 1221 2190 arch.
1249 2154 1590 2200 Napoletan01858
1616 2165 1651 2200 p.
1675 2156 1751 2200 139)
1778 2164 1860 2190 cum

384 2214 506 2250 verbis
521 2213 700 2249 Liciniani
718 2214 945 2259 comparavit
960 2214 1079 2250 Amm.
1099 2214 1209 2251 Marc.
1229 2215 1265 2249 et
1281 2224 1449 2249 nummos
1465 2213 1487 2249 J
1491 2224 1595 2249 ovem
1612 2212 1861 2259 Nicephorum

384 2273 620 2318 praebentes.

480 2333 510 2376 2)
558 2331 735 2367 Praetera
758 2332 964 2367 Antiochus
990 2331 1038 2367 IV
1071 2334 1233 2367 statuam
1264 2332 1368 2367 Jovis
1402 2331 1563 2377 Olympii
1595 2331 1787 2367 collocavit
1824 2332 1862 2367 in

384 2390 523 2436 templo
537 2391 559 2426 J
563 2391 765 2426 udaeorum
779 2390 841 2436 (II.
855 2391 967 2426 Maec.
984 2393 1017 2435 6,
1030 2392 1066 2435 2)
1081 2391 1169 2426 etin
1184 2390 1318 2436 oppido
1334 2390 1493 2426 Garizim
1509 2390 1601 2435 (JOS.
1617 2390 1705 2426 Ant.
1717 2390 1797 2436 XII,
1812 2391 1860 2436 5).

479 2450 507 2495 ³)
556 2450 760 2485 Mommsen
789 2450 913 2493 „Rom
941 2449 1098 2485 Gesch.“
1125 2449 1153 2484 V
1179 2460 1213 2495 p.
1241 2451 1323 2485 457.

480 2511 503 2555 4)
554 2510 655 2545 Haec
692 2509 901 2545 coniectura
939 2508 1160 2544 Franckenii
1200 2508 1305 2544 valde
1344 2508 1546 2554 probabilis
1580 2508 1670 2544 mihi
1695 2508 1861 2544 videtur:

383 2568 608 2604 Antiochum
645 2569 683 2604 in
709 2568 830 2604 Media
867 2563 984 2603 fuisse
1018 2579 1062 2603 ex
1099 2567 1145 2602 ΙΙ.
1172 2567 1283 2603 Mace.
1329 2569 1398 2613 9‚3
1437 2569 1474 2603 et
1500 2567 1625 2613 Steph.
1652 2568 1740 2613 Byz.
1773 2579 1802 2604 s.
1828 2578 1861 2602 v.

383 2627 573 2674 Ἀγβάτανα
610 2627 832 2673 intelligitur
856 2628 916 2672 (cf.
943 2627 1109 2663 Wilcken
1135 2627 1158 2663 l.
1186 2637 1214 2662 c.
1242 2638 1278 2672 p.
1306 2629 1396 2662 2475
1423 2627 1509 2671 fin.).
1550 2626 1659 2663 Certe
1675 2626 1862 2662 reicienda

385 2689 442 2723 est
453 2687 672 2723 Mommseni
691 2688 902 2723 coniectura
920 2687 976 2722 ‘ex
996 2686 1169 2732 [a]e[r]e'‚
1188 2697 1270 2721 cum
1289 2686 1312 2721 J
1316 2686 1391 2721 ovis
1412 2685 1606 2731 Daphnaei
1624 2686 1859 2722 simulacrum

389 2757 433 2781 ex
459 2757 548 2781 auro
574 2745 710 2782 factum
738 2757 819 2781 esse
844 2746 1025 2782 tradatur.
