2066 3448
319 876 475 956 Granii
494 913 684 951 Liciniani
713 914 931 961 fragmenta
960 925 993 952 a.
1027 914 1126 952 1857
1157 915 1319 962 primum
1342 926 1364 952 a
1381 915 1520 953 Carolo
1541 914 1698 953 Pel-tzio

222 989 270 1017 ex
299 978 428 1016 codice
457 982 517 1016 ter
545 978 689 1025 scripto
719 979 837 1016 musei
867 978 1082 1016 Britannici
1111 978 1364 1016 Londinensis
1392 979 1537 1028 edita1)
1567 980 1699 1017 statim

222 1043 318 1081 adeo
347 1044 517 1080 virorum
547 1043 743 1081 doctorum
773 1043 903 1081 oculos
931 1044 970 1081 in
991 1037 1325 1081 se'converterunt
1347 1055 1553 1091 eorumque
1573 1045 1700 1083 studia

219 1108 488 1153 incitaverunt,
518 1112 561 1145 ut
589 1108 665 1145 iam
692 1108 832 1154 viginti
862 1108 994 1146 diebus
1021 1115 1110 1156 post
1128 1108 1419 1155 Philologorum
1441 1109 1698 1147 Bonnensium

220 1174 354 1220 heptas
391 1173 552 1210 alteram
582 1172 786 1210 editionem
817 1173 961 1220 publici
989 1173 1085 1211 iuris
1114 1173 1276 1212 faceret.
1289 1173 1320 1222 2)
1364 1174 1491 1211 Etiam
1510 1175 1548 1212 in
1568 1175 1699 1223 proxi—

222 1248 367 1276 morum
397 1248 582 1276 annorum
610 1238 810 1275 annalibus
829 1238 1012 1276 nonnulla
1033 1239 1153 1276 allata
1172 1242 1263 1277 sunt
1281 1239 1329 1276 ad
1348 1239 1546 1286 scriptoris
1565 1250 1700 1278 recens

221 1303 368 1341 inventi
396 1307 546 1351 tempus
575 1302 906 1340 determinandum
934 1303 996 1341 vel
1014 1303 1078 1341 hic
1099 1304 1177 1341 illic
1196 1305 1314 1342 verba
1333 1304 1577 1343 emendanda.
1624 1303 1700 1342 Sed

222 1368 398 1416 opinione
441 1368 601 1406 celerius
643 1368 738 1405 haec
771 1368 898 1406 studia
939 1368 1249 1415 languescebant.
1307 1369 1542 1416 Quamquam
1569 1370 1700 1416 magni

219 1443 348 1470 rerum
388 1432 648 1470 Romanarum
690 1433 899 1480 scriptores
941 1433 1062 1470 nostri
1102 1444 1177 1470 non
1220 1433 1416 1471 desierunt
1452 1433 1698 1482 investigare,

221 1498 314 1545 quid
341 1497 432 1536 novi
462 1497 683 1535 Licinianus
713 1497 994 1545 suppeditaret,
1038 1498 1094 1535 ita
1122 1505 1164 1535 ut
1192 1498 1261 1536 alii
1290 1498 1372 1536 fere
1401 1499 1527 1536 omnia
1554 1499 1602 1536 ab
1631 1499 1698 1537 illo

219 1562 366 1600 tradita
394 1573 462 1609 pro
492 1562 593 1600 veris
623 1573 705 1599 esse
734 1562 955 1610 accipienda
975 1562 1046 1600 sibi
1065 1563 1354 1610 persuaderent,
1385 1563 1453 1601 alii
1472 1564 1556 1611 plus
1576 1564 1698 1603 minus

220 1628 267 1665 iis
284 1626 514 1672 diffiderent,
545 1630 671 1665 tamen
691 1627 727 1665 in
749 1628 969 1665 universum
988 1628 1082 1666 haec
1101 1628 1319 1675 fragmenta
1338 1631 1489 1666 matura
1509 1628 1699 1668 oblivione

222 1692 360 1731 obruta
395 1696 495 1730 sunt.
553 1692 613 1730 Ne
650 1692 698 1730 ad
727 1693 844 1730 verba
873 1692 1023 1739 quidem
1053 1693 1181 1730 multis
1210 1705 1306 1740 quae
1334 1694 1396 1731 vel
1423 1696 1509 1742 post
1538 1694 1698 1732 alteram

221 1757 427 1795 editionem
473 1760 626 1795 exstant
662 1758 805 1795 mendis
838 1757 1037 1795 liberanda
1071 1769 1117 1795 ex
1147 1769 1245 1796 anno
1279 1759 1380 1796 1860
1409 1759 1608 1806 quisquam
1637 1770 1699 1797 ac-

221 1822 348 1860 cessit.
394 1822 637 1869 Maximeque
666 1826 724 1860 est
753 1823 966 1868 dolendum,
997 1824 1097 1870 quod
1125 1824 1260 1870 quibus
1280 1823 1502 1862 Licinianus
1530 1834 1619 1861 usus
1648 1823 1700 1861 sit

220 1886 411 1931 fontibus,
457 1891 638 1925 accurata
681 1888 852 1934 quaestio
882 1889 1032 1926 omnino
1061 1900 1136 1926 non
1163 1889 1261 1927 inita
1289 1893 1359 1928 est.
1415 1890 1541 1928 Paene
1570 1900 1699 1927 omnes

223 1951 336 1989 fidem
366 1952 582 1990 habuerunt
600 1952 850 2001 Madvigio‚³)
880 1953 944 2000 qui
973 1954 1067 1991 satis
1088 1954 1324 1992 confidenter
1343 1954 1467 1992 causis
1487 1955 1551 1992 vix
1571 1954 1698 1992 allatis

221 2027 292 2063 pro
312 2020 420 2054 certo
440 2017 650 2055 affirmavit
669 2018 886 2065 fragmenta
906 2019 973 2056 illa
992 2022 1174 2067 excerpta
1193 2030 1274 2057 esse
1295 2030 1342 2057 ex
1356 2019 1459 2057 Livii
1474 2019 1656 2057 historiis.
1669 2019 1700 2068 4)

221 2081 323 2119 Ν3111
351 2081 539 2129 Madvigii
574 2084 784 2121 auctoritas
812 2087 923 2121 131113
952 2087 1053 2127 erat,
1089 2088 1134 2122 ut
1162 2084 1265 2121 aliud
1292 2085 1474 2122 iudicium
1502 2084 1697 2122 rarissime

221 2147 473 2194 proferretur.
519 2147 639 2186 Velut
656 2149 783 2186 Klebs
813 2149 896 2194 „De
925 2149 1178 2196 scriptoribus
1198 2151 1337 2188 aetatis
1356 2149 1560 2188 Sullanae“
1590 2149 1696 2198 (diss.

221 2211 353 2249 Berol.
386 2211 506 2261 1876)
535 2224 570 2261 p.
602 2215 624 2251 5
655 2225 710 2260 sq.
754 2213 923 2261 dubitat,
966 2218 1095 2251 utrum
1123 2215 1171 2252 iis
1198 2215 1320 2259 foliis,
1358 2226 1453 2262 quae
1482 2215 1531 2253 ad
1558 2215 1699 2253 bellum

313 2323 339 2368 ²)
365 2322 435 2360 Gai
466 2323 581 2360 Grani
618 2324 799 2360 Liciniani
836 2325 1026 2360 annalium
1065 2336 1160 2371 quae
1197 2328 1398 2371 supersunt
1431 2326 1488 2362 ed.
1513 2326 1557 2362 K.
1585 2327 1628 2362 A.
1656 2326 1695 2361 F.

222 2380 327 2416 Pertz
353 2381 490 2427 (Berol.
521 2385 637 2427 1857).

315 2440 342 2484 ²)
370 2439 485 2476 Grani
511 2441 692 2477 Liciniani
719 2453 814 2488 quae
840 2444 1041 2488 supersunt
1067 2443 1320 2479 emendatiora
1347 2443 1462 2480 edidit
1487 2444 1695 2490 Philologo-

220 2509 303 2533 rum
329 2498 581 2535 Bonnensium
607 2501 746 2546 Heptas
773 2501 935 2547 (Lipsiae
964 2503 1083 2546 1858).

314 2557 341 2602 ³)
371 2557 502 2601 „Verh.
541 2559 603 2595 der
644 2560 846 2596 danischen
873 2560 1077 2598 Gesellsch.
1109 2561 1143 2597 d.
1169 2561 1295 2597 Wiss.“
1325 2562 1411 2598 Dec.
1441 2564 1547 2607 1857,
1587 2574 1697 2609 (1113111

220 2616 507 2662 disputationem
532 2619 676 2655 invenis
703 2620 814 2655 etiam
839 2620 878 2655 in
903 2619 960 2655 Kl.
988 2620 1080 2666 phil.
1107 2620 1208 2657 Schr.
1236 2632 1270 2666 p.
1298 2623 1364 2658 391
1393 2633 1473 2668 sqq.

316 2677 340 2721 4)
367 2675 476 2711 Haud
507 2676 616 2712 aliter
645 2677 811 2713 iudicant
837 2678 996 2723 Teuffel,
1034 2678 1138 2714 Rom.
1164 2679 1276 2724 Littg.
1304 2681 1384 2725 359,
1403 2682 1443 2726 5,
1480 2681 1700 2717 Miillenhoff

223 2735 430 2779 „Deutsche
455 2735 809 2772 Altertumskunde“
837 2737 884 2773 II.
909 2748 945 2782 p.
966 2739 1044 2783 122,
1071 2738 1308 2774 Wachsmuth
1337 2739 1571 2786 „Eiuleitung
1595 2741 1634 2776 iu
1660 2740 1697 2779 d.

220 2794 389 2830 Studium
416 2794 450 2830 d.
477 2794 577 2830 alten
603 2794 756 2831 Gesch.“
786 2795 901 2841 (Lips.
932 2797 1036 2841 1895)
1063 2808 1100 2842 p.
1126 2799 1193 2833 617
1220 2798 1369 2844 aliique.

291 2858 433 2887 Berliner
454 2858 594 2888 Studien.
631 2859 718 2888 XVI.
738 2860 794 2889 Bd.
838 2861 862 2889 3.
882 2861 970 2893 Heft.
1424 2855 1439 2888 l
