2066 3448
980 389 1270 430 -54—

384 517 516 563 gessit,
539 516 576 552 in
600 517 757 553 sinistra
777 516 863 562 ripa
883 515 1090 560 Sertorius,
1122 527 1227 552 mare
1247 527 1380 553 versus
1401 516 1546 553 Marius
1566 519 1694 553 castra
1712 514 1855 552 habuit.

386 581 459 618 Sed
488 580 571 617 fieri
601 592 748 626 quoque
777 584 915 627 potest,
946 583 989 616 ut
1013 580 1052 616 in
1072 580 1235 617 Liviana
1255 581 1436 617 memoria
1457 580 1581 618 Carbo
1602 581 1698 617 falso
1721 579 1857 617 ceteris

385 645 541 683 ducibus
576 649 828 691 exaequetur,
873 645 1078 692 Appianus
1121 655 1230 689 vem,
1276 645 1336 682 cui
1378 646 1586 682 assentitur
1615 645 1856 687 Plutarchus,

384 721 512 747 verum
542 708 738 756 praebeat.
778 708 851 745 Sed
880 711 967 745 utut
994 719 1056 745 res
1086 720 1125 745 se
1155 709 1283 752 habet,
1313 708 1554 746 manifestum
1585 713 1643 746 est
1670 708 1856 746 Granium

383 776 484 811 inter
511 774 763 821 imperatores
806 777 844 810 et
872 774 1022 820 legatos
1051 784 1181 810 eorum
1218 773 1421 811 discrimen
1449 785 1524 810 non
1553 785 1738 811 servasse.
1795 773 1858 810 Ita

383 839 609 886 simpliciter
657 839 869 885 explicatur
916 849 999 875 eum
1048 839 1212 885 quinque
1259 839 1372 876 duces
1419 839 1694 883 nominavisse‚
1742 842 1857 884 atque

384 903 646 950 cognoscimus
676 903 931 940 differentiam
960 903 1061 940 inter
1080 903 1323 941 Licinianum
1353 908 1392 940 et
1421 904 1517 941 alios
1548 904 1755 950 scriptores
1784 903 1855 940 hoc

386 969 469 1006 loco
499 968 742 1005 statuendam
771 979 846 1005 non
875 979 967 1005 esse.

489 1032 780 1079 Subsequuntur
823 1033 1005 1070 nonnulla
1049 1034 1184 1077 verba,
1228 1034 1364 1079 quibus
1394 1033 1674 1070 inconstantiae
1701 1032 1859 1079 Pompei

383 1097 583 1135 Strabonis
612 1097 753 1134 mentio
783 1097 836 1134 fit.
859 1097 1028 1135 Eandem
1058 1098 1174 1134 etiam
1194 1097 1278 1136 Liv.
1302 1109 1381 1145 per.
1406 1098 1467 1140 79,
1498 1096 1610 1135 Oros.
1640 1097 1689 1141 V,
1715 1098 1772 1143 19,
1798 1097 1857 1139 10,

382 1163 464 1200 Jul.
495 1162 581 1200 Obs.
613 1163 680 1207 56,
724 1162 819 1200 Vell.
843 1163 908 1206 21,
933 1165 963 1199 1.
988 1163 1010 1199 2
1040 1184 1088 1189 —
1120 1166 1234 1209 atque
1278 1173 1405 1199 omnes
1449 1163 1565 1199 multo
1604 1162 1746 1198 maiore
1776 1173 1859 1198 cum

384 1227 554 1264 convicio
584 1238 697 1273 quam
726 1226 896 1264 Granius
926 1248 975 1254 --
1005 1231 1210 1273 testantur,
1243 1226 1448 1274 Appianus
1478 1231 1605 1264 autem
1636 1231 1675 1263 et
1703 1225 1858 1263 Plutar-

384 1293 474 1330 chus
504 1293 639 1336 omnia,
671 1303 767 1339 quae
796 1292 977 1338 Pompeio
1008 1293 1157 1336 obsunt,
1187 1293 1300 1339 plane
1331 1293 1528 1330 omittunt.
1586 1291 1660 1329 Sed
1690 1291 1736 1328 ad
1767 1291 1861 1328 haec

382 1357 492 1395 nobis
520 1356 621 1394 infra
649 1357 823 1404 pluribus
851 1357 1085 1394 redeundum
1115 1361 1183 1394 est.

489 1423 593 1468 Quae
623 1422 799 1470 deinceps
830 1422 876 1459 de
905 1421 1039 1460 Ostiae
1069 1423 1354 1469 expugnatione
1384 1422 1665 1469 cognoscimus,
1705 1425 1860 1458 nostrae

384 1487 598 1533 quaestioni
626 1499 803 1534 magnam
832 1488 908 1525 vim
938 1488 1078 1525 habere
1108 1499 1256 1525 censeo.
1305 1487 1405 1525 Nam
1435 1488 1551 1524 verba
1580 1487 1783 1530 Liciniani,
1815 1490 1857 1523 ut

384 1552 643 1589 tantummodo
675 1556 781 1590 certa
810 1553 966 1590 afferam
988 1551 1109 1590 ‘Ostia
1129 1552 1222 1590 urbe
1242 1553 1390 1600 potitur
1420 1552 1488 1599 (sc.
1509 1551 1672 1600 Marius)
1707 1550 1860 1600 [per]¹)

386 1616 683 1665 Valerium‚2)
768 1618 895 1655 cuius
970 1617 1200 1665 equ[ite]s
1273 1617 1628 1664 praesidebant'
1704 1626 1861 1663 prorsus

386 1681 627 1727 dissentiunt,
657 1682 697 1719 id
726 1683 825 1729 quod
855 1694 964 1720 nemo
995 1682 1118 1720 adhuc
1147 1683 1369 1720 observasse
1400 1682 1603 1730 videtur,3)
1633 1682 1679 1718 ab
1699 1681 1861 1719 Liviana

389 1791 474 1816 eum
500 1782 629 1816 contra
654 1780 783 1816 urbem
808 1780 830 1815 i.
858 1791 887 1815 e.
926 1782 1029 1816 trans
1056 1780 1235 1826 Tiberim,
1271 1781 1310 1815 in
1336 1780 1466 1816 dextra
1490 1780 1648 1815 fluminis
1675 1780 1766 1825 ripa,
1792 1779 1859 1815 sub

386 1839 558 1875 Janiculo
609 1839 831 1875 constitisse.
897 1838 1061 1882 Quocum
1104 1840 1264 1875 concinit
1306 1842 1435 1885 postea
1485 1838 1736 1874 Sertorium
1778 1849 1860 1874 cum

386 1898 561 1943 Pompeio
587 1898 770 1943 proelium
795 1897 927 1943 facere,
955 1897 1138 1934 Cinnam
1165 1901 1201 1934 et
1227 1898 1382 1933 Marium
1401 1897 1611 1933 Janiculum
1638 1908 1860 1943 oppugnare.

384 1957 516 2003 Itaque
541 1957 683 1993 Jordan
719 1956 939 2003 („T0p0gr.“
969 1959 1031 2003 I,l
1062 1969 1096 2002 p.
1124 1960 1192 1994 243
1218 1958 1317 2004 adn.)
1356 1969 1429 1993 non
1466 1959 1565 1993 recte
1602 1956 1694 1992 mihi
1719 1957 1863 1993 videtur

384 2016 565 2061 dubitare,
581 2019 704 2052 utrum
717 2017 829 2052 verba
843 2021 903 2061 τῆς
918 2017 1050 2056 πόλεως
1066 2016 1195 2063 ἀντικρύ
1210 2017 1418 2061 significent
1428 2016 1495 2061 „ad
1503 2018 1647 2062 portam
1657 2016 1859 2052 Collinam“

385 2087 431 2110 an
459 2077 583 2119 „trans
611 2075 808 2111 Tiberim“.
859 2075 950 2111 Cum
983 2078 1106 2111 autem
1132 2076 1224 2111 nihil
1251 2076 1314 2120 sit,
1354 2076 1453 2111 unde
1479 2076 1692 2121 Appianum
1717 2076 1862 2111 conclu-

385 2134 515 2169 damus
534 2134 626 2169 duos
645 2133 766 2170 fontes
786 2135 1039 2181 exscripsisse,
1056 2135 1258 2170 verisimile
1277 2137 1334 2171 est
1350 2135 1472 2181 priore
1490 2134 1570 2170 loco
1588 2135 1861 2180 neglegentiam

385 2193 576 2238 scriptoris
605 2193 841 2229 statuendam
869 2205 962 2230 esse.
1013 2194 1089 2229 Lic.
1117 2196 1258 2239 autem,
1292 2194 1355 2240 qui
1382 2196 1419 2229 et
1443 2194 1523 2239 ipse
1549 2193 1753 2229 Sertorium
1779 2205 1862 2230 cum

385 2251 559 2297 Pompeio
598 2252 685 2288 facit
722 2255 965 2298 pugnantem,
1004 2264 1129 2288 veram
1162 2254 1391 2289 exercituum
1416 2252 1712 2298 dispositionem,
1751 2264 1861 2300 quam

385 2312 591 2357 posteriore
615 2312 696 2347 loco
723 2312 831 2347 affert
856 2314 1060 2359 Appianus,
1086 2313 1232 2348 videtur
1256 2313 1442 2348 invenisse
1468 2312 1505 2347 in
1531 2312 1644 2348 fonte.

481 2371 509 2413 ¹)
535 2370 840 2417 Supplementum
867 2372 954 2418 ‘per’
981 2372 1226 2408 certissimum
1244 2383 1325 2407 esse
1342 2372 1432 2407 mihi
1449 2371 1604 2407 videtur.
1638 2371 1733 2406 Nam
1751 2372 1861 2407 etiam

385 2431 423 2465 in
440 2430 668 2477 reliquorum
685 2431 793 2466 huius
812 2432 1005 2467 columnae
1021 2442 1194 2467 versuum
1211 2431 1316 2467 initio
1337 2433 1412 2466 tres
1429 2431 1688 2467 desiderantur
1701 2431 1861 2467 litterae.

384 2489 508 2525 Aliam
546 2491 670 2525 autem
705 2500 832 2525 vocem
867 2491 980 2526 trium
1017 2490 1224 2526 litterarum
1263 2490 1472 2526 accusativo
1498 2489 1709 2526 ‘Valerium'
1734 2492 1858 2536 aptam

384 2549 541 2584 inveniri
566 2560 674 2595 posse
699 2560 805 2594 nego.

481 2609 508 2653 ²)
535 2608 643 2644 Hunc
658 2620 738 2644 esse
752 2609 982 2655 insequentis
996 2609 1083 2644 anni
1097 2620 1196 2644 cons.
1213 2607 1407 2644 suffectum
1422 2608 1461 2644 L.
1471 2608 1661 2644 Valerium
1676 2608 1860 2654 Flaccum,

386 2667 484 2712 quod
509 2666 616 2703 Pertz
642 2668 808 2713 coniecit,
833 2668 943 2714 plane
968 2668 1149 2704 incertum
1176 2670 1241 2703 est.

481 2726 508 2768 ³)
535 2725 643 2762 Falso
671 2727 850 2763 adnotant
873 2726 988 2763 Klebs
1028 2739 1063 2772 p.
1093 2729 1133 2763 13
1161 2729 1197 2762 61
1220 2726 1370 2771 Kuyper
1397 2728 1457 2762 51:
1498 2726 1542 2762 de
1569 2726 1673 2763 Ostia
1698 2738 1720 2762 a
1745 2727 1860 2776 Marito

386 2795 452 2829 per
477 2785 721 2830 proditionem
748 2791 856 2832 capta
880 2786 977 2822 inter
1001 2797 1040 2821 se
1067 2796 1269 2831 congruere
1295 2784 1402 2829 Plut„
1430 2784 1519 2829 Liv.,
1546 2785 1619 2821 Lic.
