2066 3448
759 409 1051 450 -53—

264 532 478 580 Pergamus
521 535 595 571 iam
626 534 673 572 ad
703 541 765 570 ea,
809 539 905 574 quae
934 533 1156 574 Licinianus
1185 537 1308 574 tradit
1337 537 1383 575 de
1412 548 1566 575 numero
1596 542 1636 575 et

166 597 380 636 nominibus
410 598 547 635 ducum
577 599 846 644 Marianorum,
877 599 940 645 qui
968 600 1100 637 urbem
1130 603 1304 648 aggressi
1332 606 1431 639 sunt.
1471 601 1634 639 Etiamsi

159 662 444 700 emendationes
486 663 570 701 edd.
601 663 724 702 Bonn.
769 674 842 700 non
888 675 1038 711 semper
1080 667 1295 713 probabiles
1324 667 1414 703 mihi
1443 667 1632 715 videntur,

158 732 285 765 tamen
314 728 412 765 illud
439 740 508 776 pro
539 733 642 766 certo
669 729 863 766 affirmare
883 729 974 766 licet
994 741 1077 766 eum
1107 732 1312 778 quinque
1333 732 1446 769 duces
1465 732 1634 769 nomina-

159 794 269 834 visse,
299 792 472 840 Marium,
504 792 677 839 Cinnam,
710 794 932 837 Sertorium,
963 793 1187 840 Carbonem,
1208 796 1457 845 Milonium.1)
1500 797 1636 843 ltaque

157 856 284 905 prima
313 858 440 904 specie
460 869 580 904 neque
602 869 684 895 cum
704 858 881 905 Appiano
902 869 1023 904 neque
1045 870 1128 896 cum
1149 860 1260 897 Livio
1291 861 1499 899 consentit:
1530 861 1633 908 App.

160 921 259 959 enim
287 922 411 959 refert
439 926 535 959 tres
564 923 694 969 duces,
741 923 919 966 Cinnam,
963 922 1194 969 Sertorium,
1234 926 1397 963 Marium
1427 926 1635 963 exercitum

159 987 260 1024 inter
280 998 319 1024 se
340 998 421 1024 esse
440 988 616 1035 partitos,
639 987 852 1025 Carbonem
872 999 962 1025 vero
983 1000 1056 1025 non
1076 989 1358 1037 imperatorem,
1381 991 1446 1028 sed
1466 992 1633 1038 legatum

160 1051 305 1089 Cinnae
346 1051 461 1089 fuisse
490 1056 611 1099 putat.
627 1053 659 1101 ²)
716 1052 852 1089 Livius
882 1057 1008 1090 autem
1051 1054 1146 1102 (per.
1179 1055 1246 1101 79,
1277 1056 1418 1093 Florus
1446 1056 1496 1100 ΙΙ,
1518 1057 1554 1101 9,
1574 1057 1633 1099 13,

158 1117 266 1154 Oros.
298 1116 346 1161 V,
371 1118 431 1161 19,
454 1117 496 1165 9)
525 1118 654 1164 copias
682 1118 719 1154 in
750 1122 933 1163 quattuor
962 1122 1089 1164 partes
1118 1119 1219 1156 inter
1248 1119 1426 1164 Cinnam,
1457 1120 1634 1165 Marium,

162 1181 396 1226 Carbonem,
441 1180 655 1219 Sertorium
699 1182 837 1219 divisas
881 1193 962 1219 esse
1006 1186 1184 1220 testatur.
1247 1184 1352 1232 Quae
1396 1185 1520 1221 omnia
1561 1197 1636 1223 non

164 1247 377 1284 necessario
407 1247 510 1284 inter
539 1258 578 1284 se
607 1258 823 1294 repugnare
854 1247 920 1284 sed
948 1249 1073 1294 potius
1103 1250 1361 1294 coagmentari
1388 1261 1497 1296 posse
1526 1251 1637 1288 Bien-

160 1311 310 1349 kowski
354 1312 395 1361 (l.
427 1323 456 1349 0.
494 1323 530 1359 p.
561 1311 629 1360 41)
658 1323 733 1349 non
761 1313 841 1349 sine
870 1313 1144 1359 probabilitate
1174 1314 1335 1360 quadam
1365 1315 1504 1352 docuit.
1574 1315 1636 1353 Ac

159 1377 323 1423 primum
344 1376 493 1423 quidem
513 1376 725 1421 Milonium‚
752 1388 864 1423 quem
883 1377 964 1414 Lic.
987 1378 1087 1415 solus
1107 1377 1229 1424 affert,
1261 1390 1336 1416 non
1354 1379 1634 1428 imperatorem,

160 1441 226 1479 sed
253 1440 367 1478 Marii
397 1441 456 1478 vel
485 1440 628 1479 Cinnae
656 1442 827 1488 legatum
855 1442 972 1479 fuisse
1001 1443 1088 1480 inde
1119 1444 1331 1490 concludit,
1363 1445 1462 1490 quod
1491 1445 1637 1483 Marius

159 1505 342 1543 Janiculo
384 1511 519 1553 postea
560 1507 704 1554 potitus
734 1506 892 1544 Cinnam
921 1507 1096 1553 immisit,
1141 1514 1184 1545 ut
1211 1508 1374 1556 legimus
1404 1509 1504 1556 apud
1532 1509 1636 1558 App.

160 1581 190 1608 c.
222 1571 285 1615 68,
315 1571 354 1608 in
382 1582 508 1619 pugna
537 1582 638 1618 vero,
671 1583 766 1619 quae
794 1572 847 1609 ibi
876 1573 1075 1610 commissa
1105 1577 1206 1617 erat,
1235 1573 1419 1610 Milonius
1449 1574 1635 1612 occiditur

158 1638 258 1673 teste
286 1636 369 1674 Lic.
400 1636 453 1686 (p.
484 1637 534 1673 24
563 1638 597 1674 A
630 1638 676 1673 16
707 1637 780 1685 sq.)
827 1637 1080 1685 Quamobrem
1115 1638 1319 1675 verisimile
1350 1643 1407 1676 est
1434 1639 1633 1677 Milonium

162 1700 307 1738 Cinnae
350 1701 412 1739 vel
440 1701 557 1739 Marii
598 1702 764 1748 legatum
806 1713 881 1739 una
924 1713 1007 1740 cum
1039 1702 1162 1740 Cinna
1197 1703 1233 1739 in
1270 1703 1400 1740 urbem
1429 1704 1635 1751 ingressum

164 1777 257 1804 esse.
296 1765 448 1804 Deinde
477 1767 542 1804 ille
571 1768 710 1805 statuit
728 1767 951 1815 Appianum
964 1768 994 1816 3)
1024 1772 1101 1805 tres
1122 1771 1270 1805 tantum
1290 1769 1485 1815 copiarum
1505 1773 1635 1817 partes

161 1842 402 1878 memorasse,
430 1832 530 1878 quod
550 1833 641 1869 urbs
660 1833 864 1870 secundum
886 1844 970 1870 eum
990 1844 1032 1870 re
1052 1844 1145 1870 vera
1164 1833 1286 1870 tribus
1304 1833 1396 1871 locis
1417 1838 1636 1881 oppugnata

162 1895 231 1935 sit:
276 1897 315 1933 in
358 1896 494 1934 dextra
522 1896 673 1935 Tiberis
708 1898 793 1945 ripa
822 1897 1008 1946 Cinna4)‚
1052 1898 1158 1935 cuius
1195 1897 1374 1945 auspiciis
1403 1897 1528 1936 Carbo
1556 1910 1635 1936 rem

254 1984 282 2029 ²)
309 1983 348 2019 C.
374 1984 566 2020 Milonium
602 1986 811 2020 senatorem
849 1995 932 2020 cum
958 1984 1120 2020 Sertorio
1161 1985 1197 2019 et
1223 1983 1261 2019 G.
1287 1983 1402 2020 Mario
1440 1985 1556 2020 altero
1589 1986 1635 2021 ad

159 2042 314 2079 Cinnam
345 2042 484 2087 fugisse
508 2042 623 2079 tradit
646 2043 742 2089 App.
771 2054 802 2083 0,
829 2045 886 2079 65;
932 2043 1019 2078 alibi
1045 2053 1119 2077 non
1146 2042 1314 2078 occurrit.
1342 2063 1381 2068 —
1410 2043 1520 2080 Falso
1545 2044 1635 2080 Ihne

158 2101 215 2146 (R.
243 2100 285 2137 G.
311 2101 341 2137 V
366 2113 402 2148 p.
429 2103 512 2147 355)
539 2113 623 2138 eum
647 2102 852 2148 principem
878 2106 986 2139 vocat
1012 2105 1258 2150 optimatium.

253 2161 283 2206 ²)
307 2160 404 2206 App,
430 2171 461 2197 c,
488 2162 550 2197 67:
588 2159 635 2198 ιὐς
662 2160 697 2194 δὲ
736 2160 965 2208 ἀνεμίχθησαν
1005 2163 1288 2209 ἐστρατοπέδευον
1323 2160 1374 2199 ἐπὶ
1399 2168 1457 2199 τοῦ
1483 2168 1633 2212 ποταμοῦ

159 2222 217 2254 τοῦ
242 2218 414 2266 Τιβέριος,
456 2220 490 2259 ἐς
522 2218 597 2266 τρία
624 2219 866 2267 διαιρεθέντες,
908 2217 1027 2261 Κίννας
1067 2222 1123 2270 μὲν
1151 2220 1204 2258 καὶ
1228 2224 1403 2270 Κάρβων
1431 2222 1500 2259 σὺν
1528 2223 1633 2270 αὐτῷ

157 2282 220 2325 τῆς
245 2278 377 2318 πόλεως
397 2278 543 2326 ἀντικρύ,
564 2279 757 2326 Σερτώριος
786 2278 819 2314 δὲ
841 2278 920 2326 ὑπὲρ
947 2281 1007 2328 τὴν
1034 2282 1128 2316 πόλιν
1158 2282 1240 2328 dvm,
1266 2278 1317 2317 καὶ
1338 2283 1467 2330 Μάριος
1493 2282 1576 2331 πρὸς
1594 2286 1634 2329 τῇ

160 2337 330 2384 θαλάσσῃ.

252 2396 281 2442 ³)
306 2396 402 2433 Item
425 2396 523 2434 Plut.
548 2397 641 2434 Sert.
668 2399 700 2443 5,
720 2399 756 2434 3:
784 2396 900 2437 Οὕτως
930 2399 1176 2446 μεταπέμπεται
1201 2399 1257 2434 τὸν
1288 2400 1415 2447 Μάριον
1433 2399 1557 2440 Κίννας
1581 2397 1636 2434 καὶ

159 2459 256 2503 τριχῇ
280 2460 342 2502 τῆς
369 2455 540 2503 δυνάμεως
568 2455 829 2504 διανεμηθείσης
856 2457 960 2504 ἦρχον
988 2456 1016 2491 οἱ
1041 2458 1142 2504 τρεῖς.

254 2515 280 2560 ⁴)
306 2514 402 2560 App.
454 2526 483 2551 c.
527 2518 569 2551 67
612 2516 747 2552 initio
787 2516 819 2561 (ὁ
862 2516 897 2551 ’δὲ
938 2518 1002 2563 [se.
1045 2516 1169 2557 Γναῖός
1218 2530 1252 2551 τε
1295 2517 1485 2565 Πομπήιος]
1536 2518 1636 2566 ἦλθε,

158 2571 213 2609 καὶ
272 2572 356 2620 πρὸς
418 2576 488 2613 ταῖς
540 2573 721 2614 Κολλίναις
782 2575 901 2615 πύλαις
963 2576 1244 2623 ἐστρατοπέδευσε
1307 2575 1359 2611 καί
1408 2576 1424 2611 ὁ
1485 2575 1634 2616 Κίννας

161 2631 349 2667 ἐπελθὼν
399 2632 503 2679 αὐτῷ
545 2634 1002 2682 παρεστρατοπέδευεν)
1052 2637 1179 2671 narrat
1219 2636 1375 2671 Cinnam
1416 2636 1453 2671 in
1486 2635 1636 2672 sinistra.

160 2691 304 2728 Tiberis
372 2692 454 2738 ripa
521 2692 696 2729 adversus
761 2693 976 2739 Pompeium
1038 2696 1160 2730 castra
1219 2695 1398 2740 posuisse.
1472 2694 1544 2731 Sed
1604 2695 1636 2731 si

157 2751 378 2797 respicimus
404 2762 498 2797 quae
524 2751 592 2788 sub
619 2752 728 2788 finem
754 2753 884 2796 capitis
912 2754 1109 2789 occurrunt
1132 2753 1247 2789 verba
1264 2758 1324 2800 τῆς
1351 2754 1482 2792 πόλεως
1502 2753 1637 2801 ἀντικρύ

159 2809 220 2852 (cf.
257 2809 341 2845 adn.
383 2812 417 2856 2)
462 2811 666 2847 coniunctis
707 2812 827 2848 verbis
872 2810 921 2845 ἐπὶ
967 2814 1024 2845 τοῦ
1067 2815 1216 2860 ποταμοῦ
1259 2812 1433 2859 Τιβέριος,
1482 2815 1636 2859 apparet
