2066 3448
784 376 1071 416 -57-

188 500 252 548 qui
293 503 398 538 certo
441 501 541 538 omni
584 502 695 540 modo
724 502 922 540 victoriam
958 504 1230 550 exercuissent,
1274 504 1348 541 nisi
1376 504 1579 552 Pompeius
1619 505 1657 542 id

187 565 457 614 impedivisset.
496 565 536 603 Is
566 567 663 604 enim
683 567 880 605 Octavium
900 568 1061 616 impulit,
1093 572 1134 606 ut
1154 567 1383 618 Crassum,¹)
1412 570 1476 616 qui
1495 570 1658 607 Marium

187 631 387 677 insequens
416 634 525 669 extra
552 631 680 669 urbem
711 632 929 680 prorupisse
949 634 1114 679 videtur,
1145 645 1167 670 a
1187 634 1455 681 persequendis
1484 635 1657 672 hostibus

186 699 395 733 revocaret.

299 760 395 798 Tum
424 764 468 797 ut
496 761 770 808 intelligamus,
801 773 868 799 cur
896 762 1095 810 Pompeius
1124 763 1193 800 hoc
1222 764 1320 800 bello
1351 764 1454 801 civili
1483 764 1658 811 ambigue

192 835 232 862 se
261 826 427 871 gesserit
455 847 504 852 —-
534 826 573 863 id
616 826 714 873 quod
750 838 796 863 ex
825 828 963 864 ceteris
992 828 1161 865 fontibus
1191 828 1318 875 colligi
1349 840 1422 866 non
1451 832 1579 876 potest
1607 851 1656 855 —

187 889 342 927 additur
356 891 594 937 praeclarum
615 891 709 929 illud
725 892 771 929 de
787 903 829 929 eo
846 892 1036 929 iudicium.
1071 892 1308 930 ‘Frustratus
1328 905 1394 940 spe
1414 894 1658 931 continuandi

188 955 418 993 consula-tus'
448 955 569 1004 (Vell.
600 956 804 1004 11,21‚2)
846 957 869 994 i.
901 969 932 994 e.
965 958 1183 995 consulatus
1212 958 1300 995 anni
1331 959 1403 996 667
1435 958 1521 1008 (87)
1549 969 1657 996 recu-

187 1020 345 1068 perandi
361 1032 461 1058 nunc
475 1021 738 1058 arbitrabatur
758 1022 889 1059 adesse
906 1023 1140 1060 occasionem
1161 1023 1318 1060 consilia
1337 1035 1405 1060 sua
1424 1022 1657 1070 perficiendi,

187 1086 217 1122 si
247 1086 395 1122 senatui
424 1096 496 1123 non
525 1086 686 1123 salutem
706 1085 829 1123 ferret
857 1087 930 1123 nisi
958 1087 1082 1134 pretio
1105 1088 1333 1124 consulatus.
1373 1087 1458 1136 Qua
1479 1088 1524 1126 de
1545 1099 1659 1126 causa

187 1150 359 1187 ultimam
390 1150 671 1188 dimicationem
715 1151 960 1195 detrectavit,
1006 1159 1208 1198 antequam
1252 1153 1407 1190 comitia
1443 1153 1658 1190 consularia

187 1215 473 1253 conficerentur.
486 1215 516 1264 ²)

293 1280 400 1328 Quod
429 1291 544 1327 porro
575 1281 825 1328 comperimus
853 1282 1048 1319 Metellum
1078 1293 1100 1319 a
1129 1287 1282 1319 senatus
1310 1283 1450 1329 legatis
1479 1287 1656 1328 rogatum

187 1356 280 1390 esse,
310 1349 353 1382 ut
380 1345 529 1392 patriae
559 1346 789 1391 subveniret,
819 1347 932 1383 etiam
963 1348 1010 1383 ab
1041 1347 1134 1394 App.
1168 1358 1197 1384 c.
1231 1348 1279 1384 68
1309 1351 1347 1384 et
1378 1347 1508 1385 Cassio
1532 1347 1657 1385 Dione

186 1410 233 1448 fr.
268 1411 352 1457 100,
385 1412 407 1448 6
438 1416 476 1448 et
505 1411 527 1446 7
571 1412 942 1461 commemoratur‚3)
987 1412 1052 1449 sed
1093 1412 1308 1458 legatorum
1352 1412 1544 1461 nomina&
1588 1413 1658 1450 soli

187 1475 384 1513 Liciniano
414 1476 603 1513 debemus.

187 1598 320 1633 fuisset
345 1618 387 1624 —-
417 1604 452 1633 et
478 1600 519 1634 ut
539 1597 711 1634 Crassum
730 1601 919 1635 revocaret
936 1599 1110 1645 impulit')
1138 1602 1237 1636 certe
1254 1600 1478 1636 reiciendum
1505 1603 1562 1636 est
1585 1611 1659 1636 non

186 1657 305 1693 solum
330 1660 482 1703 propter
506 1658 767 1703 praecedentia
803 1659 916 1694 verba
956 1659 1098 1703 (⁶ceteri
1123 1650 1387 1695 submoventur
1413 1660 1526 1704 etc.’),
1565 1671 1659 1706 quae

186 1716 328 1752 nullum
347 1727 497 1752 sensum
516 1717 696 1762 praebent
710 1717 783 1752 nisi
800 1729 840 1753 re
858 1729 945 1753 vera
961 1729 1065 1753 mons
1086 1718 1108 1754 J
1112 1718 1278 1754 aniculus
1297 1730 1425 1754 rursus
1443 1720 1487 1755 ab
1507 1718 1659 1755 Octavio

187 1778 419 1822 oppugnatus
469 1778 542 1820 est,
591 1776 656 1812 sed
707 1777 817 1812 etiam
867 1777 963 1823 quod
1010 1778 1054 1813 ab
1089 1778 1261 1823 Appiano
1300 1780 1337 1813 et
1382 1778 1459 1814 Liv.
1497 1790 1571 1824 per.
1614 1781 1660 1815 80

188 1835 335 1881 (‘Cinna
373 1838 409 1872 et
433 1835 570 1872 Marius
600 1863 749 1872 .....
776 1836 859 1872 Jan.
888 1839 1192 1882 oppugnaverunt
1230 1839 1266 1872 et
1290 1836 1406 1882 fugati
1433 1838 1477 1873 ab
1506 1837 1657 1874 Octavio

188 1894 337 1930 consule
374 1894 632 1938 recesserunt')
671 1895 865 1931 edocemur
890 1895 1073 1931 Marianos
1113 1907 1157 1931 ex
1183 1896 1353 1931 Janiculo
1392 1897 1527 1932 eiectos
1566 1908 1659 1933 esse.

185 1953 240 1989 Ex
259 1954 393 1990 codicis
411 1956 533 1990 autem
551 1954 732 2000 scriptura
747 1955 797 2000 (p.
816 1957 859 1990 24
875 1954 903 1989 B
919 1956 1023 1999 2-3)
1040 1955 1368 1991 FUISSETETUT
1388 1955 1658 1991 restituendum

187 2012 298 2060 ‘fui[t]
327 2015 383 2049 set
406 2014 471 2057 ut‘,
497 2013 654 2049 alterum
680 2013 738 2049 ‘et'
765 2024 831 2059 pro
858 2013 1109 2059 dittographia
1134 2014 1343 2050 habendum
1369 2025 1450 2050 esse
1477 2017 1577 2060 puto.

282 2073 309 2117 ¹)
333 2073 401 2108 Est
426 2071 465 2108 P.
482 2072 645 2107 Licinius
665 2072 818 2108 Crassus
836 2072 947 2108 Dives
967 2073 1199 2109 Lusitanicus
1227 2073 1286 2117 (de
1314 2084 1385 2119 quo
1404 2073 1447 2109 cf.
1467 2073 1658 2109 Drumanu

186 2131 235 2167 IV
261 2142 296 2177 p.
323 2133 380 2177 70,
399 2133 454 2175 32,
482 2130 570 2167 Otto
597 2131 718 2168 Strab.
743 2130 786 2166 fr.
814 2143 849 2177 p.
877 2134 919 2168 57
947 2132 1047 2176 adn.)
1074 2135 1138 2167 aut
1164 2133 1241 2168 eius
1267 2131 1365 2168 filius
1392 2133 1450 2176 (de
1475 2143 1547 2178 quo
1565 2132 1657 2168 Dru-

187 2193 298 2226 manu
322 2190 345 2226 l.
372 2201 402 2226 c.
428 2192 499 2234 34).

282 2251 309 2295 ²)
336 2249 419 2286 Non
445 2250 552 2286 video
578 2262 642 2286 cur
668 2250 750 2286 edd.
768 2250 884 2286 Bonn.
910 2250 1088 2295 dubitent,
1114 2262 1201 2286 num
1228 2251 1438 2287 Licinianus
1466 2263 1500 2297 p.
1519 2253 1563 2287 24
1590 2252 1618 2287 B
1637 2254 1658 2288 8

189 2309 381 2355 scripserit
407 2309 538 2355 ‘qui[a]
566 2309 721 2345 timebat
745 2310 898 2346 urnam'.
934 2309 1041 2345 Haud
1068 2310 1164 2345 0111111
1189 2321 1273 2346 raro
1297 2321 1420 2346 rerum
1438 2311 1658 2356 scriptorum

185 2368 298 2404 verba
322 2367 462 2404 habent
487 2368 647 2404 colorem
673 2368 855 2414 poeticum
865 2383 874 2413 3
915 2368 959 2404 cf.
986 2380 1021 2414 p.
1048 2371 1092 2405 38
1117 2369 1146 2404 B
1174 2371 1233 2405 22:
1274 2373 1374 2405 ‘usus
1407 2372 1463 2405 est
1487 2370 1657 2415 pugionis

187 2426 346 2462 auxilio'.
372 2448 416 2452 -
442 2426 653 2463 Hirschfeld
678 2428 866 2473 proponit:
895 2428 1056 2473 ‘[d]u[m]
1084 2429 1296 2473 timebatur3
1323 2440 1408 2464 nam
1435 2429 1514 2464 etc.'

282 2486 311 2530 8)
336 2486 383 2521 Hi
408 2486 517 2522 simul
543 2486 696 2522 tradunt
723 2506 764 2511 ——
791 2487 830 2522 id
856 2487 953 2533 quod
980 2487 1077 2532 apud
1104 2487 1280 2523 Granium
1318 2487 1399 2524 hoc
1425 2488 1528 2523 loco
1555 2487 1659 2523 deest

188 2565 231 2570 —
259 2556 354 2591 quae
377 2545 476 2581 inter
499 2545 688 2582 Metellum
715 2548 753 2581 et
777 2545 958 2581 Samnites
985 2548 1068 2582 acta
1092 2547 1178 2582 sint.

283 2605 310 2650 ⁴)
336 2603 392 2640 De
430 2605 562 2651 quibus
601 2604 644 2640 cf.
671 2604 805 2639 Pertzii
842 2605 923 2640 adn.
963 2616 998 2650 p.
1026 2607 1080 2642 37.
1107 2626 1150 2631 -
1177 2606 1301 2651 Recte,
1329 2607 1367 2641 ut
1392 2606 1538 2651 opino1,
1575 2605 1659 2641 Keil

187 2674 222 2709 p.
249 2665 317 2700 64²2
343 2674 410 2709 pro
436 2663 611 2709 SENEX,
648 2666 745 2711 quod
783 2665 896 2700 codex
921 2664 950 2700 B
981 2667 1020 2700 12
1058 2665 1180 2711 habet,
1219 2664 1388 2701 SENAT'
1417 2667 1476 2710 (Σ
1495 2665 1657 2710 senatus)

189 2723 354 2767 coniecit,
370 2733 452 2759 cum
468 2723 663 2767 Antonius,
683 2724 713 2758 si
728 2723 874 2770 quidem
892 2724 923 2759 is
938 2723 1008 2759 fuit
1024 2724 1069 2759 M.
1085 2724 1268 2760 Antonius
1283 2726 1418 2769 orator,
1437 2734 1479 2759 eo
1493 2725 1658 2769 tempore

188 2781 268 2817 LVI
295 2793 411 2818 annos
437 2785 648 2818 numeraret
674 2783 807 2829 vixque
833 2793 945 2818 senex
971 2783 1152 2829 appellari
1178 2786 1313 2828 posset.
