2066 3448
955 411 1245 452 -86-

467 531 527 569 De
546 532 628 579 ipso
658 531 789 571 funere
808 532 910 582 App.
932 535 967 572 b.
990 545 1020 572 c.
1042 535 1072 582 I,
1096 537 1170 574 105
1192 548 1246 584 sq.
1269 542 1308 576 et
1326 538 1431 577 Plut.
1456 540 1550 580 Sull.
1573 544 1621 581 38
1644 544 1835 583 uberrime

362 596 530 635 tradunt.
569 597 712 635 Tamen
733 598 833 646 apud
855 599 1095 638 Licinianum
1116 612 1238 649 pauca
1257 614 1356 641 nova
1374 604 1605 645 invenimus:
1634 609 1835 647 ‘iustitium

363 661 436 698 fuit
465 664 737 709 matronaeque
767 674 850 701 eum
880 667 961 702 toto
990 675 1088 702 anno
1117 667 1320 706 luxerunt'.
1365 669 1426 708 De
1456 671 1561 710 fonte
1590 673 1670 711 eius
1699 685 1746 712 ne
1774 674 1835 712 hic

361 726 510 772 quidem
540 727 634 765 certi
661 728 867 774 quidquam
908 732 1036 777 potest
1078 730 1164 769 dici.
1223 731 1311 770 Una
1355 735 1504 781 quidem
1542 741 1599 775 est
1627 739 1834 777 similitudo

360 790 462 828 inter

552 880 646 919 Lic.
676 881 712 919 A
745 882 793 920 15
822 893 874 929 sq.
1078 889 1116 923 et
1424 889 1547 928 Plut.

360 961 466 999 cuius
511 973 606 1010 rogo
654 974 764 1010 quom
815 965 915 1010 ignis
962 969 1061 1003 esset
1132 972 1194 1009 τοῦ
1210 971 1320 1021 πυρὸς
1335 971 1498 1014 ἀπιόντος
1513 972 1709 1024 ἐκχυθῆναι
1723 975 1833 1013 πολὺν

359 1026 518 1072 inlatus,
571 1039 646 1066 non
692 1028 894 1067 mediocris
939 1030 1060 1068 imber
1134 1036 1268 1086 ὄμβρον
1289 1036 1348 1075 καὶ
1367 1039 1556 1089 κατασχεῖν
1587 1036 1668 1089 ἄχρι
1696 1039 1832 1082 νυκτός.

360 1095 419 1129 est
447 1091 650 1130 insecutus.

359 1174 434 1212 Sed
462 1175 611 1213 etiamsi
650 1180 794 1214 certum
826 1180 925 1214 esset
952 1176 1205 1214 Plutarchum
1234 1174 1328 1212 Sull.
1370 1174 1432 1212 fin.
1462 1185 1570 1211 usum
1600 1185 1679 1212 esse
1709 1174 1831 1222 Livio,

359 1244 487 1277 tamen
516 1240 582 1278 illo
612 1252 685 1279 uno
719 1242 802 1280 loco
837 1241 942 1279 nisus
985 1252 1092 1279 nemo
1134 1243 1264 1289 posset
1306 1239 1564 1276 demonstrare
1592 1239 1833 1277 Licinianum

357 1305 432 1350 hic,
462 1309 504 1343 ut
531 1311 664 1344 censet
691 1307 1015 1345 Maurenbreeher
1048 1307 1090 1356 (l.
1122 1318 1152 1344 c.
1182 1306 1204 1343 1
1232 1317 1268 1354 p.
1304 1306 1380 1354 17),
1423 1305 1588 1353 pendere
1633 1317 1678 1343 ex
1707 1305 1832 1351 Livio,

358 1381 583 1417 quamquam
612 1371 682 1408 hoc
711 1372 876 1418 cogitari
904 1383 1014 1419 posse
1044 1383 1118 1410 non
1147 1382 1338 1419 negamus.

464 1435 573 1483 Quod
602 1437 773 1483 sequitur
803 1437 848 1474 de
877 1437 1060 1474 Sallustio
1090 1437 1269 1474 iudicium
1299 1436 1373 1473 iam
1402 1436 1440 1473 in
1467 1436 1622 1473 exordio
1642 1436 1831 1474 examina-

357 1500 480 1538 vimus
509 1501 716 1548 eodemque
745 1502 829 1540 loco
858 1502 931 1539 iam
954 1502 1290 1540 Maurenbrecheri
1321 1501 1365 1550 (1.
1396 1513 1425 1539 c.
1453 1501 1475 1539 I
1494 1513 1529 1548 p.
1554 1502 1600 1539 15
1631 1505 1670 1539 et
1701 1503 1759 1546 19,
1788 1501 1832 1540 Π

356 1577 392 1613 p.
425 1566 475 1603 20
504 1567 576 1614 sq.)
607 1568 975 1613 argumentationem
1006 1567 1402 1612 commemoravimus,
1444 1577 1519 1613 qua
1552 1567 1707 1613 planum
1737 1567 1832 1604 fecit

359 1630 597 1668 Licinianum
641 1632 678 1669 in
722 1632 768 1670 iis
811 1644 908 1679 quae
952 1636 1160 1680 sequuntur
1195 1633 1276 1681 (fol.
1308 1632 1365 1671 IV
1392 1643 1412 1669 r
1440 1632 1501 1670 fin.
1533 1636 1571 1669 et
1598 1632 1651 1669 IV
1681 1633 1737 1682 u),
1767 1634 1833 1670 ubi

359 1707 422 1733 res
465 1702 552 1743 post
594 1696 723 1735 Sullae
765 1703 923 1736 mortem
966 1702 1092 1746 gestas
1135 1698 1318 1746 explicat,
1361 1697 1530 1735 hausisse
1570 1709 1615 1734 ex
1658 1696 1832 1735 Sallustii

355 1761 537 1799 historiis.

463 1826 563 1864 Tota
582 1827 678 1865 haec
698 1828 978 1875 argumentatio
998 1828 1088 1866 talis
1109 1832 1176 1871 est,
1204 1832 1246 1865 ut
1265 1839 1339 1865 non
1359 1827 1530 1872 habeam,
1560 1829 1660 1875 quod
1681 1828 1826 1866 addam.

461 2105 545 2143 Iam
565 2106 837 2153 disputationis
855 2105 966 2144 finem
988 2106 1172 2143 faciamus
1194 2107 1434 2153 breviterque
1454 2106 1826 2154 comprehendamus,

355 2181 451 2217 quae
481 2170 604 2208 adhuc
632 2182 702 2219 pro
732 2171 839 2209 virili
867 2175 978 2218 parte
1006 2172 1225 2218 exposuisse
1253 2172 1362 2210 nobis
1391 2172 1574 2210 videmur.

460 2234 632 2273 Primum
662 2241 822 2283 apparet
850 2247 1067 2284 perversam
1097 2247 1179 2274 esse
1212 2237 1438 2274 sententiam
1468 2238 1562 2274 satis
1591 2238 1827 2284 divulgatam

354 2310 499 2344 eorum,
544 2301 608 2347 qui
635 2301 828 2338 Liciniani
873 2301 1092 2348 fragmenta
1121 2302 1256 2339 volunt
1297 2302 1392 2339 nihil
1435 2302 1538 2340 aliud
1567 2314 1648 2340 esse
1677 2303 1750 2340 nisi
1779 2315 1825 2340 ex

353 2363 458 2403 Livii
486 2365 658 2403 historiis
700 2370 890 2413 excerpta.
947 2365 1083 2404 Potius
1124 2377 1170 2403 ex
1212 2366 1466 2414 compluribus
1506 2368 1676 2406 fontibus
1717 2368 1825 2406 illum

353 2430 524 2467 hausisse
565 2431 822 2468 intelleximus
865 2434 978 2477 atque
1020 2430 1189 2468 Graecos
1235 2431 1442 2478 scriptores
1489 2443 1573 2469 eum
1619 2433 1825 2471 studiosius

354 2495 530 2533 ascivisse
565 2506 677 2541 quam
706 2495 898 2533 Romanos
941 2500 1045 2533 certo
1089 2496 1345 2543 cognovimus.
1400 2497 1538 2544 Itaque
1580 2509 1662 2536 cum
1705 2500 1822 2537 ceteri

353 2561 560 2608 scriptores
580 2560 758 2605 Romani,
785 2562 847 2607 qui
870 2560 1077 2598 Caesarum
1100 2562 1335 2608 temporibus
1353 2562 1411 2599 rei
1431 2563 1605 2609 publicae
1625 2564 1822 2602 historiam

352 2626 670 2673 conscripserunt,
715 2630 780 2663 aut
808 2626 930 2663 solum
959 2626 1113 2664 Livium
1157 2627 1415 2673 excerpserint
1458 2633 1522 2665 aut
1563 2629 1694 2676 paucis
1737 2629 1822 2667 aliis

351 2735 485 2782 liquias
511 2756 556 2761 —
583 2735 754 2782 dissipari
780 2737 887 2772 iussit
914 2735 1038 2773 Sulla
1065 2736 1221 2772 victor’
1254 2737 1314 2771 vix
1345 2739 1468 2783 potest
1493 2739 1674 2785 appellari
1698 2751 1820 2775 rerum

351 2794 611 2840 discrepantia.
