2066 3448
471 482 608 518 Liceat
636 481 745 518 nobis
765 491 906 524 eorum,
938 491 1032 526 quae
1055 480 1176 516 adhuc
1196 480 1352 517 uberius
1373 481 1628 527 exposuimus,
1658 491 1839 518 summam

367 548 505 583 facere.
562 546 799 593 Quamquam
828 545 981 581 siccitas
1010 547 1048 581 et
1078 545 1244 581 tenuitas
1273 545 1456 582 sermonis
1476 545 1669 583 Liciniani
1698 547 1735 583 in
1765 546 1837 583 hac

367 621 514 657 quoque
557 614 666 656 parte
694 608 925 646 narrationis
960 609 1068 645 nobis
1099 609 1284 653 occurrit,
1327 613 1454 645 tamen
1482 620 1590 647 nemo
1621 611 1712 655 erit,
1748 611 1838 657 quin

367 675 565 719 concedat,
610 673 709 720 quod
752 674 826 709 iam
855 672 1063 710 Mommsen
1107 673 1174 721 (R.
1205 673 1248 710 G.
1280 672 1379 720 Hp.
1411 674 1486 710 398
1532 674 1635 723 adn.)
1677 675 1836 719 monuit,

365 740 537 776 ordinem
559 742 596 774 et.
615 749 752 775 nexum
774 748 946 782 rerum,
977 747 1071 783 quae
1091 737 1384 784 subiunguntur,
1418 738 1598 785 optimum
1619 750 1700 777 esse
1719 740 1838 776 maxi-

364 815 496 850 meque
513 803 763 850 perspicuum.
785 802 840 839 Ut
856 802 1030 845 vidimus,
1047 802 1218 839 narratio
1233 802 1424 839 Liciniani
1441 814 1503 840 res
1520 807 1559 840 et
1576 804 1838 851 apudLivium

365 874 403 906 et
431 868 532 916 apud
560 867 782 915 Appianum
804 866 1127 912 Plutarchumque
1157 866 1322 904 traditas
1352 868 1532 909 continet,
1561 868 1617 905 ita
1645 873 1687 905 ut
1715 869 1838 906 fontes

363 933 564 981 primarios
584 932 781 980 praeclare
802 932 996 979 suppleat;
1026 935 1227 978 praeterea
1248 932 1414 979 plurima
1430 933 1611 979 servavit,
1643 943 1737 979 quae
1757 934 1836 970 sine

363 1010 405 1035 eo
433 998 546 1045 plane
574 998 847 1044 ignoraremus,
878 1007 921 1033 ac
951 996 996 1033 de
1016 998 1128 1034 rebus
1148 997 1354 1034 memoriae
1377 997 1502 1043 dignis
1523 1008 1669 1044 paucae
1690 1002 1836 1035 tantum

363 1064 507 1100 desunt.
556 1060 632 1098 Sed
660 1072 733 1098 uno
761 1061 845 1098 loco
875 1061 1114 1108 exploratum
1143 1061 1324 1099 habemus
1355 1060 1542 1099 Granium
1573 1074 1594 1098 a
1620 1062 1732 1100 Livio
1762 1063 1836 1099 dis-

362 1138 531 1175 crepare,
564 1137 636 1173 quo
666 1137 764 1163 novo
794 1130 1015 1172 argumento
1036 1126 1222 1173 Madvigii
1253 1127 1447 1164 sententia
1467 1127 1671 1164 refellitur.
1710 1129 1835 1174 Atque

362 1192 544 1230 accedent
578 1191 674 1229 aliae
711 1202 790 1236 res,
831 1191 964 1237 quibus
993 1191 1232 1228 Licinianum
1271 1192 1311 1228 in
1345 1192 1430 1228 hac
1469 1195 1579 1239 parte
1609 1203 1684 1229 non
1711 1192 1837 1229 redire

363 1257 410 1294 ad
438 1257 591 1294 Livium
620 1256 895 1303 comprobetur.
953 1257 1034 1293 Iam
1070 1267 1166 1302 quae
1196 1268 1241 1294 ex
1271 1257 1556 1304 comparatione
1586 1256 1724 1294 Granii
1753 1267 1836 1294 cum

364 1323 545 1370 Appiano
577 1326 616 1359 et
643 1321 853 1358 Plutarcho
883 1326 1107 1367 sequuntur,
1138 1322 1210 1358 tria
1240 1322 1476 1369 potissimum
1505 1326 1608 1359 sunt:

472 1389 504 1424 1.
560 1387 733 1424 Primum
763 1397 987 1433 quamquam
1017 1386 1126 1423 modo
1155 1387 1220 1424 ille
1240 1387 1348 1423 modo
1378 1388 1418 1424 hi
1438 1387 1608 1432 singulas
1638 1398 1698 1424 res
1727 1397 1836 1424 accu-

363 1454 485 1490 ratius
515 1459 706 1493 enarrant,
738 1455 866 1488 tamen
891 1451 1112 1488 Licinianus
1141 1456 1289 1488 tantum
1324 1452 1451 1496 abest,
1485 1456 1529 1488 ut
1562 1452 1638 1489 illis
1673 1461 1835 1498 unquam

363 1523 558 1566 repugnet,
589 1522 632 1554 ut
661 1528 724 1553 eos
753 1516 930 1563 supplere
958 1516 1019 1553 vel
1048 1517 1094 1553 ab
1124 1517 1171 1553 iis
1200 1517 1369 1564 suppleri
1397 1517 1587 1553 videatur.

469 1584 504 1620 2.
567 1582 709 1619 Deinde
729 1582 921 1619 nonnullis
941 1581 1034 1619 locis
1052 1582 1218 1618 ineuntis
1238 1581 1468 1619 narrationis
1489 1582 1606 1618 etiam
1633 1591 1835 1619 consensus

363 1649 419 1686 vel
451 1652 554 1685 certe
583 1647 793 1684 similitudo
823 1648 1024 1684 verborum
1055 1647 1362 1693 deprehenditur.

467 1714 502 1750 3.
561 1713 732 1759 Denique
775 1715 858 1748 tota
898 1723 1027 1749 rerum
1070 1712 1305 1749 continuatio
1350 1722 1394 1749 ac
1430 1711 1548 1748 series
1577 1710 1678 1758 apud
1708 1721 1835 1748 omnes

361 1780 428 1815 hos
470 1780 674 1825 scriptores
716 1788 791 1814 una
833 1777 1035 1823 eademque
1077 1781 1146 1814 est.
1203 1776 1303 1814 Nam
1346 1776 1446 1822 quod
1492 1776 1594 1824 apud
1640 1775 1740 1824 App.
1772 1787 1834 1813 ex-

361 1844 544 1891 pugnatio
574 1842 747 1881 Janiculi
775 1846 861 1890 post
891 1841 1286 1879 commemorationem
1317 1841 1467 1879 Metelli
1495 1845 1694 1886 narratur,
1738 1851 1833 1887 quae

362 1908 461 1956 apud
489 1908 572 1946 Lic.
604 1908 875 1955 praemittitur,
905 1919 967 1944 res
997 1911 1054 1945 est
1082 1918 1238 1955 prorsus
1266 1907 1481 1944 levidensis.

467 1973 606 2020 Itaque
628 1973 740 2010 facile
761 1972 982 2019 colligemus
1002 1983 1234 2010 communem
1251 1973 1387 2009 horum
1403 1975 1603 2009 auctorum
1622 1971 1835 2009 narrationi

361 2040 514 2076 subesse
543 2039 688 2076 fontem
719 2043 834 2085 atque
873 2049 958 2075 cum
985 2037 1190 2086 Appianus
1217 2037 1523 2084 Plutarchusque
1553 2049 1599 2075 ex
1626 2037 1832 2074 Posidonio

360 2105 568 2149 hauserint,
611 2104 713 2141 idem
756 2107 966 2140 statuemus
1008 2103 1054 2140 de
1082 2103 1297 2140 Liciniano.
1355 2103 1454 2140 Huic
1497 2103 1731 2140 conclusioni
1759 2113 1833 2139 non

357 2173 559 2217 repugnat,
590 2169 688 2215 quod
707 2169 930 2206 Licinianus
949 2179 1214 2215 nonnunquam
1243 2168 1328 2216 plus
1348 2168 1470 2205 tradit
1499 2179 1610 2214 quam
1629 2167 1832 2215 Appianus

359 2241 398 2272 et
424 2234 669 2272 Plutarchus.
726 2234 826 2272 Nam
861 2234 968 2271 illum
1007 2237 1157 2271 constat
1186 2233 1310 2270 fontes
1339 2243 1425 2270 suos
1454 2233 1565 2270 valde
1595 2233 1831 2270 contraxisse

358 2303 473 2347 atque
498 2299 791 2348 mutilavisse‚1)
820 2299 920 2337 hunc
939 2310 1030 2337 vero
1051 2302 1348 2336 consentaneum
1370 2302 1428 2335 est
1447 2309 1493 2335 ea
1512 2302 1660 2334 tantum
1681 2298 1830 2343 afferre,

358 2376 454 2412 quae
482 2365 532 2402 ad
561 2365 678 2402 vitam
706 2364 899 2401 hominum
929 2368 1117 2412 spectant.
1156 2363 1215 2401 At
1234 2374 1310 2400 una
1329 2374 1393 2400 res
1414 2363 1658 2400 coniecturae
1677 2366 1831 2400 nostrae

357 2431 601 2468 vehementer
632 2430 772 2467 obstat:
816 2434 900 2467 tota
938 2430 1159 2466 narratione
1188 2428 1383 2476 Appianus
1413 2449 1461 2455 —
1490 2428 1722 2466 Plutarchus
1756 2438 1830 2465 non

355 2495 538 2533 iudicium
567 2495 644 2532 fert
673 2495 719 2533 de
748 2494 948 2533 Strabonis
977 2495 1089 2532 rebus
1117 2494 1238 2541 gestis
1259 2515 1308 2521 —
1328 2494 1492 2531 maxime
1512 2492 1695 2541 Pompeio
1725 2492 1831 2530 favet

356 2564 470 2608 atque
499 2560 649 2598 silentio
679 2560 826 2607 obtegit
854 2571 940 2598 eum
968 2560 1091 2608 primo
1121 2560 1222 2597 inter
1263 2559 1448 2597 factiones
1489 2557 1713 2603 fluctuasse,
1757 2568 1831 2604 qua

357 2626 402 2663 de
430 2637 473 2663 re
501 2625 721 2663 accuratius
763 2626 849 2673 agit
875 2625 1029 2664 Arnold
1057 2636 1093 2672 p.
1127 2625 1200 2664 110
1231 2635 1311 2671 sqq.
1368 2625 1493 2671 Atque
1523 2635 1608 2662 cum
1636 2623 1831 2661 artissima

451 2748 478 2793 ¹)
504 2747 641 2784 Nissen
669 2747 785 2792 „Krit
810 2748 982 2784 Unters.“
1008 2759 1043 2794 p.
1073 2749 1150 2784 115.
