2066 3448
775 374 1058 417 -65-

182 503 298 547 atque
317 497 505 538 Granium
532 499 744 547 posteriore
772 500 855 539 loco
884 501 930 539 de
957 500 1140 549 Pompeio
1169 502 1339 541 iudicare
1367 504 1574 552 scriptores
1602 514 1650 543 ex

181 564 294 605 Livio
321 563 534 611 pendentes
562 564 659 612 (per.
688 565 751 611 79,
772 564 880 604 Oros.
912 566 960 610 V,
984 567 1043 613 19,
1067 567 1146 615 10).
1200 566 1385 615 Inprimis
1412 568 1649 616 respicienda

183 631 273 667 sun-t
301 628 418 666 verba
433 627 562 667 >Orosii
589 629 699 667 haec:
738 629 819 669 ιΟΠ.
839 629 1045 678 Pompeius
1074 631 1137 678 qui
1157 660 1165 669 .
1188 663 1195 669 .
1219 662 1227 669 .
1250 661 1258 669 .
1279 633 1344 670 diu
1362 644 1446 672 sese
1465 644 1649 672 novarum

184 704 311 732 rerum
332 693 587 740 aucupatione
606 694 868 741 suspenderat,
882 699 1177 743 ,contemptus
1197 708 1220 734 a
1238 697 1387 736 Mario
1407 698 1479 736 vel
1497 697 1649 736 Cinna

180 757 232 796 ad
273 758 438 799 alterum
467 758 659 796 consulem
700 769 784 796 sese
812 759 974 798 contulit
1001 760 1087 798 etc.’
1141 760 1279 808 Itaque
1306 762 1400 800 mihi
1427 774 1649 810 persuasum

177 826 241 861 est
265 822 370 860 Livii
397 826 591 861 auctorem
619 821 797 870 Pompeio
827 824 1059 863 obtrectasse
1101 829 1216 872 atque
1251 827 1331 865 eius
1358 837 1419 866 res
1446 831 1578 874 gestas
1606 828 1647 866 in

179 888 287 936 peius
328 891 478 926 mutare
519 887 693 926 voluisse.
752 888 935 926 Fortasse
963 888 1099 928 Livius
1141 890 1202 929 hic
1244 902 1290 929 ex
1317 891 1467 930 Rutilio
1506 893 1647 938 hausit,

179 963 289 1000 quem
330 953 469 990 malum
511 952 556 991 de
583 951 765 1000 Pompeio
795 951 984 991 Strabone
1025 954 1206 993 iudicium
1247 956 1383 994 fecisse
1420 958 1494 995 iam
1532 968 1649 1005 supra

181 1017 356 1056 diximus.
411 1017 512 1057 Nam
552 1016 740 1057 Rutilium
781 1018 885 1056 inter
926 1018 1029 1057 Livii
1070 1019 1197 1058 fontes
1239 1021 1356 1059 fuisse
1397 1022 1532 1069 negari
1574 1033 1649 1060 non

180 1085 309 1131 potest
346 1081 419 1131 (cf.
448 1082 588 1121 Nissen
616 1093 651 1130 p.
680 1083 732 1119 43
762 1085 802 1121 et
829 1082 966 1120 Busolt
994 1095 1031 1130 p.
1062 1084 1167 1133 345).
1223 1084 1321 1123 Sane
1362 1086 1501 1124 Busolt
1542 1090 1649 1125 recte

179 1150 309 1185 monet
336 1151 466 1185 nostro
485 1147 569 1185 loco
599 1150 774 1184 certum
803 1147 984 1184 iudicium
1005 1147 1086 1186 fieri
1103 1160 1179 1186 non
1198 1160 1320 1197 posse,
1342 1161 1425 1188 cum
1443 1151 1649 1199 Pompeius

182 1212 285 1260 apud
314 1223 464 1250 omnes
493 1212 699 1259 optimates
726 1222 870 1249 summo
898 1212 938 1249 in
967 1212 1052 1250 odio
1081 1212 1201 1251 fuerit
1229 1214 1297 1263 (cf.
1326 1213 1404 1253 Cic.
1435 1226 1504 1263 pro
1534 1215 1647 1255 Corn.

179 1277 201 1315 I
220 1276 264 1315 fr.
288 1277 338 1315 53
358 1276 414 1314 ed.
445 1276 604 1314 Miiller:
644 1276 845 1313 ‘hominem
875 1276 931 1313 dis
960 1287 1005 1314 ac
1033 1278 1222 1315 nobilitati
1250 1279 1524 1329 perinvisum').
1572 1279 1648 1325 Sed

178 1345 371 1388 utcunque
398 1352 461 1379 res
489 1352 529 1378 se
556 1340 686 1385 habet,
729 1351 859 1378 rursus
887 1341 1067 1379 habemus
1096 1342 1288 1388 indicium,
1334 1355 1406 1391 quo
1442 1345 1649 1386 verisimile

177 1406 245 1444 fiat
262 1406 417 1445 Livium
446 1418 527 1444 esse
555 1406 718 1444 alterum
748 1409 953 1450 auctorem,
984 1417 1056 1453 quo
1084 1406 1307 1446 Licinianus
1335 1409 1374 1446 in
1402 1409 1494 1448 belli
1524 1410 1648 1449 civilis

175 1471 402 1509 narratione
429 1482 520 1509 usus
549 1471 611 1509 sit.
1300 1514 1303 1518 A

281 1535 413 1583 Atque
441 1535 629 1574 Livianae
672 1535 832 1582 originis
877 1539 1029 1573 exstant
1057 1536 1224 1583 vestigia
1252 1537 1368 1575 etiam
1396 1538 1435 1576 in
1463 1540 1647 1587 proximis

170 1600 394 1639 enuntiatis.
450 1599 552 1639 Nam
580 1600 681 1647 quod
708 1600 749 1637 in
776 1611 856 1648 per.
888 1601 937 1638 80
979 1601 1018 1638 in
1059 1612 1182 1649 pauca
1211 1605 1448 1641 contractum
1476 1604 1647 1643 videmus

177 1664 360 1714 (‘Italicis
387 1666 538 1714 populis
566 1676 589 1702 a
617 1668 754 1703 senatu
784 1666 918 1703 civitas
946 1665 1036 1703 data
1064 1666 1167 1715 est’),
1197 1671 1358 1714 apparet
1376 1668 1527 1716 plenius
1547 1670 1647 1718 apud

177 1730 439 1769 Licinianum:
469 1730 673 1768 ‘dediticiis
694 1730 866 1768 omnibus
887 1730 1054 1779 civita[s]
1086 1730 1187 1776 data,
1218 1732 1282 1778 qui
1307 1732 1469 1779 polliciti
1488 1734 1643 1783 mult[a]

183 1795 289 1833 milia
316 1795 479 1833 militum
498 1796 562 1833 vix
580 1794 717 1843 XVH]
751 1795 830 1843 (vel
850 1794 1023 1843 XV[II])
1043 1795 1217 1833 cohortes
1244 1796 1437 1835 miserunt'
1451 1797 1494 1847 ¹).
1538 1798 1646 1837 Men-

177 1862 281 1900 tione
324 1861 480 1908 dignum
523 1871 671 1907 quoque
700 1867 759 1899 est
788 1860 887 1908 apud
915 1860 1065 1898 Livium
1092 1861 1244 1908 populis
1271 1861 1423 1900 Italicis
1451 1863 1647 1902 civitatem

178 1926 264 1964 dari
304 1930 412 1964 ante
447 1925 764 1973 expugnationem
793 1925 975 1971 Janiculi‚
1018 1935 1114 1972 quae
1152 1926 1251 1973 apud
1278 1926 1362 1966 Lic.
1404 1928 1524 1966 multo
1558 1933 1646 1966 ante

178 1995 338 2030 narrata
379 1994 454 2036 est,
502 1991 745 2037 quamobrem
791 2001 923 2028 rursus
965 2001 1039 2028 non
1081 1990 1339 2029 dubitabimus
1385 1996 1514 2030 nostro
1561 1993 1645 2031 loco

178 2056 439 2094 additamenta
479 2059 628 2094 tantum
675 2065 904 2103 cognoscere
940 2066 987 2092 ex
1028 2055 1148 2093 altero
1192 2054 1296 2093 fonte
1324 2057 1348 2094 i.
1379 2067 1410 2095 e.
1440 2057 1551 2096 Livio
1580 2058 1645 2096 de-

174 2121 310 2160 rivata.

284 2186 398 2224 Adde
427 2187 526 2234 quod
555 2186 670 2224 etiam
700 2197 879 2224 numerus
908 2185 1101 2222 hominum
1121 2185 1342 2232 pestilentia
1361 2187 1645 2234 absumptorum

176 2251 291 2300 plane
345 2251 523 2299 congruit
572 2262 653 2289 cum
701 2251 843 2292 Orosii.
899 2254 1165 2297 praeterquam
1221 2251 1320 2297 quod
1365 2251 1427 2289 hic
1471 2263 1646 2290 numeros

178 2319 412 2355 mortuorum
442 2321 481 2354 et
497 2315 723 2364 Pompeiani
752 2321 790 2353 et
817 2316 1016 2353 Octaviani
1045 2315 1232 2353 exercitus
1262 2315 1373 2353 affert
1394 2320 1600 2364 separatos.
1614 2316 1644 2366 ²)

287 2380 469 2428 Sequitur
498 2381 658 2428 denique
686 2382 726 2418 in
753 2380 826 2418 fine
854 2381 966 2418 huius
993 2383 1032 2417 et
1059 2379 1097 2416 in
1126 2380 1299 2427 proxima
1318 2380 1457 2428 pagina
1475 2382 1643 2419 narratio

181 2446 228 2484 de
255 2450 378 2484 morte
406 2446 566 2494 Pompei
594 2444 805 2490 Strabonis,
850 2456 945 2491 quae
975 2443 1074 2491 apud
1102 2444 1246 2482 nullum
1275 2445 1392 2482 alium
1420 2446 1644 2493 scriptorem

279 2587 303 2633 1)
331 2586 426 2631 Quid
464 2598 508 2622 ex
544 2587 666 2622 verbis
703 2585 789 2630 Lic.‚
827 2584 995 2630 inprimis
1034 2595 1078 2619 ex
1104 2594 1191 2619 voce
1216 2583 1418 2620 ‘dediticiis'
1457 2588 1644 2632 sequatur,

178 2645 254 2681 iam
277 2645 481 2682 Mommsen
505 2645 563 2692 (R.
590 2645 631 2681 G.
657 2644 693 2680 11
718 2656 753 2690 p.
780 2645 847 2679 ‘247
875 2643 958 2679 adn.
986 2644 1022 2678 et
1046 2653 1080 2688 p.
1107 2643 1174 2679 309
1202 2642 1300 2687 adn.)
1337 2642 1522 2680 subtiliter
1560 2655 1643 2681 con-

178 2704 302 2750 clusit,
326 2705 390 2741 ubi
414 2704 587 2750 inspiciat
611 2704 643 2739 si
669 2703 750 2749 quis
777 2702 982 2738 accuratius
1009 2701 1088 2737 vult
1113 2702 1218 2738 scire.

276 2765 304 2809 ²)
329 2763 385 2800 De
410 2763 490 2800 loco
517 2763 696 2800 Orosiano
722 2762 767 2799 cf.
794 2771 987 2797 excursum
1013 2760 1058 2796 II.

252 2839 392 2869 Berliner
411 2840 550 2869 Studien.
587 2838 674 2868 XVI.
692 2838 747 2867 Bd.
784 2839 808 2866 3.
828 2836 911 2866 Heft.
1414 2829 1433 2864 5
