2066 3448
925 414 1214 454 —92-

332 539 495 577 consulis
524 538 593 576 sid
605 538 782 587 erata1)
813 538 924 576 sunt'.
971 538 1156 585 Equidem
1188 540 1399 577 censuerim
1419 542 1574 579 verbum
1596 541 1802 588 ‘siderata'‚

331 604 363 641 si
391 603 617 641 sententiam
652 603 895 651 respicimus,
938 604 1078 641 referri
1120 616 1193 641 non
1237 615 1348 651 posse
1393 605 1468 642 nisi
1496 607 1545 644 ad
1573 610 1759 654 pestem.
1772 606 1802 654 2)

330 668 481 705 Iniuria
522 667 763 706 Grubitzium
808 668 982 715 (Emend.
1014 668 1122 706 Oros.
1154 669 1253 705 1835
1283 680 1319 716 p.
1351 669 1418 716 33)
1457 671 1642 716 cogitasse
1672 671 1804 718 opinor

331 734 376 771 de
420 733 495 770 alia
541 733 721 777 „coelitus
764 733 931 770 immissa
975 733 1121 771 clade“.
1185 734 1244 769 An
1288 734 1495 771 verisimile
1537 740 1714 782 putamus
1757 736 1802 774 de

331 798 468 836 castris
498 798 657 846 Pompei
679 798 743 836 XI
770 799 877 835 milia
906 799 1070 836 militum
1101 799 1321 846 pestilentia
1353 800 1564 847 absumpta,
1594 801 1639 838 de
1668 802 1803 839 castris

330 863 484 907 Octavii
511 864 572 902 VI
600 864 705 901 milia
734 865 808 901 alio
839 864 981 908 morbo,
1023 864 1170 902 scilicet
1207 864 1455 910 sideiatione,
1486 870 1664 913 correpta
1692 869 1803 904 esse?

328 929 489 967 Accedit
516 929 617 975 quod
645 929 867 967 Licinianus
892 930 945 977 (p.
969 931 1016 966 26
1038 929 1071 966 B
1095 930 1143 967 14
1163 929 1259 977 sqq.)
1291 933 1487 977 computat
1514 930 1580 967 illa
1603 930 1666 968 XI
1686 935 1725 969 et
1743 931 1803 970 VI

331 994 438 1031 milia
466 1006 587 1041 neque
618 994 712 1032 dicit
737 995 811 1031 nisi
840 995 885 1032 de
913 995 1144 1042 pestilentia.
1194 997 1319 1041 Atque
1348 995 1397 1032 ad
1425 996 1582 1032 verbum
1610 995 1803 1035 siderandi

330 1060 429 1107 apud
473 1058 650 1097 Orosium
694 1060 958 1108 explicandum
999 1061 1107 1098 iuvat
1153 1060 1343 1098 reminisci
1385 1061 1590 1099 secundum
1631 1066 1803 1101 veterum

331 1125 544 1172 opinionem
588 1125 828 1173 pestilentias
872 1129 975 1163 ortas
1021 1136 1104 1163 esse
1131 1125 1250 1163 radiis
1279 1126 1369 1163 solis
1397 1126 1509 1163 nimis
1537 1127 1682 1172 calidis,
1712 1138 1802 1174 quos

332 1190 411 1227 tela
454 1191 647 1238 Apollinis
684 1202 765 1228 esse
808 1192 996 1239 putabant
1037 1191 1103 1239 (cf.
1146 1192 1315 1228 Roscher
1360 1192 1553 1239 „Apollon
1594 1203 1631 1231 u.
1673 1192 1800 1230 Mars“

332 1256 433 1293 1873
461 1267 497 1303 p.
530 1256 609 1304 64).

442 1320 516 1358 Sed
562 1321 712 1358 etiamsi
753 1322 871 1358 verba
899 1320 1151 1368 Obsequentis
1186 1321 1389 1359 secundum
1424 1321 1547 1359 locum
1576 1320 1804 1360 Orosianum

328 1387 427 1423 verti
468 1398 577 1434 posse
623 1398 719 1433 „von
762 1386 829 1424 der
857 1386 951 1423 Pest
986 1386 1184 1432 ergriffen“
1231 1386 1513 1424 concedendum
1556 1390 1629 1431 est,
1673 1391 1802 1425 tamen

327 1462 462 1499 graves
492 1463 627 1489 causae
658 1452 882 1489 Mommseni
911 1451 1126 1488 sententiae
1155 1452 1319 1489 obstant.

433 1516 603 1553 Primum
648 1517 745 1554 enim
788 1518 819 1554 si
863 1527 903 1553 re
946 1528 1039 1553 vera
1067 1516 1272 1563 Pompeius
1314 1516 1541 1563 pestilentia
1583 1517 1802 1564 absumptus

327 1586 439 1627 esset,
470 1582 581 1619 valde
610 1582 839 1619 miraremur
867 1581 1055 1619 Liciniani
1086 1583 1204 1619 verba
1234 1582 1283 1630 (p.
1307 1582 1356 1618 26
1377 1581 1412 1618 Β
1431 1582 1511 1630 fin.)
1542 1585 1641 1619 ‘orta
1659 1585 1801 1632 tempe-

327 1650 429 1684 state
459 1650 498 1683 et
527 1647 607 1693 ipse
636 1646 792 1683 fulmine
820 1646 975 1684 afflatus
1006 1650 1122 1684 estet
1141 1647 1289 1684 culmen
1315 1647 1554 1684 tabernaculi
1576 1647 1800 1694 dissipatum

328 1723 399 1749 nec
427 1723 531 1759 spem
561 1712 663 1749 vitae
696 1712 859 1749 ostendit
889 1712 987 1759 etc),
1026 1712 1162 1759 quibus
1191 1723 1252 1749 res
1282 1712 1499 1749 accuratius
1529 1712 1757 1759 depingitur.
1770 1713 1800 1761 ³)

326 1777 542 1815 Putandum
585 1777 705 1823 igitur
748 1780 850 1814 esset
877 1777 972 1814 haec
1001 1788 1083 1815 esse
1113 1777 1375 1815 additamenta
1405 1778 1670 1815 commenticia
1697 1777 1801 1815 Lici-

327 1843 432 1880 niani
460 1843 522 1880 vel
551 1843 632 1880 eius
661 1843 845 1888 auctoris,
877 1844 941 1889 qui
969 1843 1043 1879 iam
1073 1842 1166 1880 falso
1196 1843 1347 1881 Livium
1382 1844 1657 1890 interpretatus
1686 1845 1798 1880 esset.

431 1907 581 1946 Deinde
608 1919 727 1954 grave
756 1908 937 1946 adversus
953 1908 1226 1946 Mommsenum
1253 1912 1514 1955 argumentum
1542 1908 1629 1945 inde
1657 1911 1801 1956 repeto,

421 2046 446 2088 1)
474 2044 580 2087 Quod
606 2055 731 2080 omnes
758 2044 836 2080 cod.
862 2044 1042 2090 praebent
1066 2045 1215 2089 praeter
1241 2043 1280 2079 L.
1309 2042 1368 2088 (cf.
1396 2043 1453 2080 ed.
1470 2042 1801 2088 Zangemeisterffl,

325 2103 428 2140 cuius
456 2104 577 2140 scriba
602 2105 780 2139 rariorem
805 2115 933 2139 vocem
959 2115 1041 2139 cum
1066 2104 1272 2149 ignoraret,
1298 2103 1464 2148 corrupit
1489 2103 1529 2138 in
1554 2102 1801 2138 ‘desiderata'.

325 2184 367 2189 —
395 2163 628 2199 ‘Sideratum'
663 2165 785 2199 autem
812 2165 849 2199 et
873 2163 1007 2198 ‘sidere
1034 2162 1209 2199 afflatum'
1237 2162 1446 2208 promiscue
1471 2163 1692 2208 usurpatum
1718 2172 1799 2198 esse

322 2223 420 2258 inter
446 2233 571 2258 omnes
599 2223 755 2257 constat.

419 2282 446 2327 2)
473 2281 639 2317 ‘Mortua'
665 2282 702 2316 in
728 2281 850 2317 verbis
879 2280 983 2318 Oros.
1009 2280 1204 2316 offensioni
1230 2282 1298 2325 est,
1323 2291 1406 2316 cum
1431 2291 1505 2315 non
1531 2280 1589 2326 sit,
1616 2280 1674 2315 cui
1698 2281 1797 2316 recte

323 2342 544 2387 opponatur.
603 2340 778 2385 Cogitare
805 2341 924 2385 possis
950 2340 1020 2375 hoc
1044 2340 1197 2375 verbum
1225 2350 1305 2375 esse
1332 2339 1524 2383 glossema.
1568 2338 1640 2375 Sed
1660 2338 1797 2383 glosse-

323 2402 424 2436 mata
450 2399 548 2446 apud
567 2399 672 2436 Oros.
695 2400 734 2434 in
758 2401 900 2435 textum
925 2399 1121 2444 irrepsisse
1148 2398 1237 2434 alibi
1262 2398 1555 2434 demonstratum
1582 2409 1656 2434 non
1683 2399 1750 2433 est.

416 2460 445 2505 3)
472 2460 547 2495 Lic.
574 2462 624 2505 (p.
652 2462 695 2496 28
720 2460 755 2495 A
783 2461 840 2500 12)
865 2458 989 2504 prodit
1014 2458 1229 2503 Pompeium
1266 2458 1428 2493 ‘tertium
1466 2460 1551 2503 post
1582 2457 1688 2493 diem’
1716 2467 1798 2492 esse

323 2521 520 2555 mortuum.
571 2518 674 2562 Quae
711 2519 825 2554 verba
857 2518 1018 2554 ‘tertium
1043 2520 1129 2563 post
1154 2517 1262 2553 diem’
1290 2519 1508 2563 sequuntur,
1533 2518 1676 2552 incerta
1700 2519 1797 2552 sunt.

323 2578 549 2624 Scriptorem
573 2590 647 2614 non
673 2578 867 2624 scripsisse
893 2578 997 2613 ‘mira
1022 2577 1126 2622 t[abe
1154 2576 1271 2622 ob]it’‚
1312 2576 1410 2623 quod
1442 2575 1524 2612 edd.
1551 2576 1667 2612 Bonn.
1690 2576 1797 2611 resti-

322 2639 444 2683 tuunt,
470 2649 515 2673 ex
538 2638 584 2673 iis
611 2649 705 2684 quae
731 2649 844 2683 supra
870 2637 1097 2682 exponimus,
1138 2635 1305 2681 efficitur,
1341 2636 1415 2671 nisi
1451 2635 1546 2671 forte
1571 2635 1648 2671 Lic.
1672 2637 1797 2673 censet

323 2696 540 2742 Pompeium
577 2699 615 2733 et
650 2697 803 2732 fulmine
842 2696 1007 2731 afflatum
1032 2706 1115 2732 esse
1142 2697 1178 2731 et
1202 2696 1241 2731 in
1265 2694 1518 2740 pestilentiam
1540 2694 1724 2731 incidisse.
1751 2715 1796 2721 -

321 2755 533 2792 Hirschfeld
569 2756 743 2801 proponit
779 2755 1047 2802 ‘[sp]ir[i]t[um
1082 2753 1247 2800 red]dit',
1285 2765 1378 2800 quae
1419 2754 1631 2790 coniectura
1660 2754 1794 2790 fitteris

320 2815 466 2851 traditis
491 2815 647 2851 similior
672 2817 729 2851 est
753 2826 864 2862 quam
889 2814 1001 2851 Keilii
1026 2813 1279 2861 ζ[311]1[111]3[111
1306 2812 1483 2858 efflav]it'.
