2066 3448
812 443 1089 483 ,93-

220 568 320 616 quoii
339 567 454 606 etiam
483 567 586 616 App.
617 569 649 605 b.
683 580 713 606 c.
745 569 774 613 I,
807 569 854 606 68
885 572 922 606 et
951 569 1002 605 80
1031 571 1145 615 atque
1178 568 1282 605 -Plut,
1312 568 1442 615 Pomp.
1479 571 1510 613 1,
1553 568 1617 615 qui
1645 579 1692 606 ex

219 634 330 672 Livio
366 643 452 670 ³non
481 633 660 680 pendent,
686 633 908 681 Pompeium
938 633 1095 670 tradunt
1123 632 1313 671 fulmine
1342 635 1459 671 ictum
1488 644 1579 672 esse.
1591 633 1622 682 ¹)

323 696 524 735 'Postremo
569 698 786 736 accuratius
835 698 1014 745 inspicias
1057 697 1308 745 obsequentis
1351 699 1484 737 verba:
1530 698 1689 735 ‘caelum

220 772 331 801 ruere
357 762 500 808 visum,
529 772 636 800 arma
664 763 845 809 signaque
876 766 980 800 taeta
1011 762 1079 811 (sc.
1101 762 1346 811 fulminibus),
1378 763 1555 800 milites
1585 773 1691 800 exa-

220 826 405 872 nimam
445 827 547 875 ipse
589 828 793 874 Pompeius
837 827 988 865 afflatus
1030 828 1155 865 sidere
1197 827 1370 865 interiit?
1425 827 1465 865 Si
1510 828 1692 874 respicies

221 900 332 939 quam
375 896 457 929 arte
498 893 616 930 verba
660 893 753 940 ‘ipse
796 892 839 930 P.
871 892 1025 930 afflatus
1054 893 1176 930 sidere
1204 893 1360 930 interiit'
1392 903 1474 930 cum
1503 893 1692 940 prioribus

219 957 347 995 verbis
388 957 544 994 ‘caelum
585 967 697 995 ruere
740 958 858 995 visum
901 958 985 995 etc.'
1030 958 1269 1003 cohaereant,
1312 958 1475 995 fortasse
1505 957 1691 995 concedes

220 1022 375 1062 Livium
404 1022 449 1060 de
467 1021 630 1070 Pompei
658 1027 781 1060 morte
808 1023 905 1060 idem
925 1023 1128 1060 tradidisse
1149 1027 1260 1070 atque
1285 1023 1450 1069 reliquos
1469 1023 1688 1070 scriptores.

317 1087 402 1126 'Sed
442 1098 542 1125 nunc
584 1088 839 1135 quaerendum
882 1099 963 1126 esse
1004 1089 1096 1126 mihi
1139 1089 1308 1132 videtur,
1357 1088 1541 1135 quomodo
1591 1088 1692 1135 apud

222 1151 502 1200 Obsequentem
546 1153 663 1191 verba
707 1153 874 1191 ‘sidere
918 1152 1082 1191 afflatus'
1132 1158 1217 1191 orta
1263 1154 1349 1191 sint.
1421 1153 1484 1190 Ac
1529 1153 1692 1200 primum

221 1217 428 1260 videamus.
457 1218 546 1265 quid
560 1218 687 1256 Klebs
703 1219 744 1267 (1.
776 1229 806 1256 c.
837 1230 873 1265 p.
908 1220 953 1256 14
982 1219 1081 1267 sqq.)
1110 1219 1155 1255 de
1183 1219 1241 1256 his
1271 1218 1394 1256 verbis
1424 1218 1689 1265 disputaverit.

221 1282 278 1321 Ut
305 1282 575 1321 siderationem
604 1284 798 1321 hominum
828 1284 1023 1331 explanet,
1066 1282 1322 1331 proficiscitur
1351 1295 1396 1320 ex
1426 1282 1546 1321 Scrib.
1576 1283 1690 1329 Larg.

227 1349 317 1386 101:
367 1348 633 1397 ‘Quamobrem
668 1348 763 1386 facit
796 1352 835 1385 et
870 1349 917 1385 ad
945 1349 1126 1386 tremulos
1156 1352 1194 1386 et
1221 1348 1453 1386 sideratione
1481 1351 1692 1394 temptatos

223 1413 426 1451 utralibet:
456 1424 533 1451 una
562 1414 661 1451 enim
692 1424 737 1451 ex
768 1414 1039 1457 contractione,
1069 1414 1192 1450 altera
1212 1424 1294 1451 cum
1313 1413 1537 1450 remissione
1557 1423 1691 1450 nervo-

223 1489 308 1516 rum
336 1479 585 1526 conspicitur;
614 1478 810 1529 παράλυσιν
839 1479 911 1516 hoc
939 1483 1142 1525 utrumque
1164 1478 1298 1515 vitium
1319 1477 1461 1516 Graeci
1483 1477 1689 1525 appellant'

225 1542 375 1592 (eadem
394 1543 504 1590 ¹apud
532 1543 651 1581 Marc.
681 1543 792 1591 Emp.
833 1544 895 1591 20,
925 1543 987 1590 qui
1016 1542 1254 1580 Scribonium
1283 1542 1512 1590 exscripsit).
1569 1541 1692 1579 Addit

223 1607 327 1647 locos
355 1607 448 1646 'duos
477 1607 649 1655 (Petron.
672 1613 743 1646 sat.
766 1609 789 1645 2
810 1608 928 1646 verba
956 1620 1070 1656 supra
1098 1608 1217 1645 citata
1246 1611 1284 1645 et
1311 1607 1426 1644 Mart.
1446 1605 1540 1652 VH,
1562 1607 1624 1652 92,
1646 1607 1688 1644 9⁴:

465 1698 562 1737 ‘Hoc
591 1710 682 1746 opus
702 1703 761 1737 est
788 1700 914 1736 subito
942 1699 1011 1735 fias
1040 1702 1081 1735 ut
1110 1698 1233 1736 sidere
1261 1703 1397 1745 mutuS,

462 1763 605 1802 Dicere
633 1775 681 1803 ne
708 1765 842 1812 possis,
873 1764 1083 1808 Bacchara‚
1114 1764 1201 1810 quid
1229 1764 1279 1801 sit
1309 1763 1446 1812 opus')‚

227 1866 274 1893 ex
293 1854 431 1901 quibus
448 1857 610 1901 apparet
624 1853 812 1891 sideratos
828 1852 1038 1900 perdidisse
1052 1852 1276 1889 facultatem
1290 1851 1476 1898 loquendi.
1525 1851 1693 1898 Quocum

227 1919 416 1958 consentit
434 1920 656 1959 Scribonius
679 1919 844 1965 Largus,
876 1918 938 1964 qui
965 1918 1234 1955 siderationem
1264 1917 1357 1954 dicit
1385 1927 1466 1954 esse
1485 1915 1691 1966 παράλυσιν.

226 1995 340 2031 quam
366 1995 436 2023 nos
461 1995 643 2023 vocamus
675 1983 1070 2029 „Muskellahmung“.
1088 1982 1116 2030 2)
1146 1982 1252 2030 Quae
1282 1981 1382 2019 effici
1411 1984 1538 2028 potest
1564 1981 1692 2018 multis

229 2050 364 2094 causis,
407 2050 473 2087 sed
519 2054 685 2093 „certum
728 2052 785 2086 est
827 2048 940 2085 etiam
980 2059 1063 2085 eum
1093 2052 1295 2094 torporem,
1339 2057 1411 2092 quo
1441 2046 1597 2083 fulmine
1624 2046 1693 2083 icti

228 2114 331 2153 affici
355 2115 489 2157 solent,
512 2114 708 2162 aptissime
728 2113 997 2151 siderationem
1018 2112 1204 2149 nominari
1223 2116 1371 2159 posse“.
1408 2111 1544 2157 Itaque
1565 2111 1690 2148 Klebs

324 2251 351 2295 ²)
378 2250 560 2286 Velleium
578 2249 637 2295 (II,
665 2253 720 2295 21,
747 2251 783 2291 4)
811 2259 893 2284 cum
917 2247 1021 2283 dicit:
1048 2246 1147 2281 ‘Post
1171 2247 1239 2281 hoc
1265 2256 1347 2281 cum
1371 2248 1567 2291 utrumque
1593 2255 1694 2280 exer·

229 2311 341 2346 citum
366 2330 411 2335 —
435 2309 616 2345 laceraret
648 2308 871 2354 pestilentia,
910 2306 976 2342 Cn.
1002 2306 1196 2350 Pompeius
1225 2304 1444 2341 decessit’
1470 2315 1544 2339 non
1569 2315 1693 2340 neces-

226 2369 326 2405 sario
349 2368 564 2415 Pompeium
589 2368 739 2404 morbo
764 2368 981 2402 morientem
1018 2365 1150 2410 facere,
1188 2365 1228 2399 ut
1253 2364 1449 2399 Drumann
1473 2363 1522 2398 IV
1548 2375 1583 2409 p.
1613 2365 1692 2408 323,

228 2432 275 2465 40
300 2429 452 2474 censuit,
476 2428 552 2464 iam
568 2427 682 2464 Klebs
708 2427 732 2463 l.
751 2438 779 2462 c.
798 2438 831 2472 p.
855 2428 895 2463 15
923 2425 1121 2461 adnotavit.
1162 2425 1285 2469 Atque
1311 2423 1458 2468 Sauppe
1478 2422 1691 2465 „Tulliana“

229 2488 324 2533 (Ind.
340 2487 423 2523 lect.
442 2487 517 2523 hib.
539 2487 703 2531 1867s68)
730 2497 767 2531 p.
788 2488 828 2521 1ss
856 2486 943 2520 ante
969 2483 1149 2519 ‘decessit’
1176 2482 1325 2527 supplet
1349 2481 1407 2517 ‘de
1433 2481 1534 2517 caelo
1559 2480 1692 2517 tactus'

227 2547 288 2583 vel
311 2546 474 2583 ‘fulmine
501 2546 646 2591 tactus’,
674 2545 782 2580 Halm
806 2543 979 2590 proponit
1005 2542 1133 2577 ‘ictus'.

322 2606 348 2652 ²)
375 2605 643 2642 Siderationem
681 2604 907 2650 plantarum,
948 2612 1029 2637 cum
1055 2600 1251 2637 Caniculae
1286 2599 1450 2635 siccitate
1477 2599 1695 2634 exarescant

230 2665 338 2710 (Plin.
365 2665 450 2701 hist.
475 2667 550 2700 nat.
576 2663 686 2709 XVII,
715 2665 769 2708 24,
797 2664 864 2698 218
891 2663 926 2697 et
952 2662 1033 2704 222)
1070 2659 1130 2694 hic
1170 2659 1463 2705 praetermittere
1488 2668 1692 2703 possumus.

229 2724 375 2771 Reliqui
401 2724 483 2770 loci,
508 2724 570 2759 ubi
595 2723 769 2759 sideratio
795 2721 1005 2756 nominatur
1030 2719 1259 2764 (bestiarumt
1302 2717 1395 2754 Plin.
1420 2718 1480 2761 IX,
1509 2720 1562 2762 16,
1588 2718 1632 2752 58
1658 2717 1695 2752 et

229 2782 357 2828 Veget.
382 2783 543 2819 Veterin.
569 2781 616 2827 II,
658 2783 718 2825 393
757 2779 960 2816 hominum:
1004 2777 1096 2814 Plin.
1122 2777 1284 2822 XXVIII,
1320 2780 1372 2822 16,
1397 2779 1480 2821 226)
1508 2775 1554 2811 ad
1580 2774 1693 2820 expli-

231 2843 412 2879 cationem
436 2842 555 2878 morbi
579 2840 672 2876 nihil
698 2839 866 2876 afferunt.
