2066 3448
750 369 1035 411 „59-

156 495 444 533 necessitudinis
460 496 611 533 vincula-
626 501 752 533 essent
766 497 868 534 iuter
882 497 1125 534 Posidonium
1143 502 1181 535 et
1195 497 1421 543 Pompeium
1436 497 1628 544 Magnum,

157 565 261 598 recte
280 559 434 597 Arnold
463 561 666 598 coniecisse
687 561 780 598 mihi
800 561 954 598 videtur
974 561 1081 598 illum
1101 561 1260 609 Pompei
1281 559 1480 598 Strabonis
1509 562 1629 608 digni-

158 630 276 662 tatem
297 624 508 663 defendisse
528 636 572 663 ac
591 637 864 672 propugnasse,
896 628 1120 673 praesertim
1141 637 1223 663 cum
1246 627 1504 664 necessarium
1527 633 1628 664 esset

156 690 344 728 Rutilium
373 689 516 727 Rufum
545 691 783 738 propulsare,
814 692 877 738 qui
907 692 1060 738 scriptis
1090 692 1252 729 maxime
1283 692 1490 738 divulgatis
1519 691 1630 728 Pom·

157 754 285 802 peium
328 753 554 792 Strabonem
597 760 640 792 ut
682 756 870 793 hominem
913 757 1150 804 pravissimis
1197 757 1365 794 moribus
1407 757 1630 804 depinxerat

159 820 294 869 (Rutil.
324 819 370 856 fr.
401 821 423 857 5
459 819 598 858 Miiller
640 820 684 858 F.
715 822 761 858 H.
803 821 866 859 Gr.
897 821 959 858 ΠΙ
993 833 1028 868 p.
1062 821 1168 868 200).
1224 822 1359 868 Itaque
1402 833 1475 858 nou
1518 822 1631 858 dubi-

156 889 303 928 tamus,
347 886 437 932 quin
481 887 596 922 etiam
625 886 811 932 proelium
849 886 943 923 illud
971 887 1073 923 inter
1101 886 1321 933 Pompeium
1354 891 1392 923 et
1419 886 1631 923 Sertorium

159 951 396 988 commissum
426 951 663 996 maximeque
691 950 878 995 idoneum,
909 962 981 997 quo
1013 951 1076 987 ille
1105 956 1351 997 purgaretur,
1381 963 1404 988 a
1422 951 1629 988 Posidonio

160 1015 344 1053 traditum
374 1019 414 1053 et
441 1016 489 1053 ab
518 1016 695 1063 Appiano
726 1016 873 1052 demum
902 1016 1147 1062 neglegentia
1177 1017 1355 1053 omissum
1385 1017 1515 1055 fuerit.
1554 1015 1631 1054 Vix

161 1083 287 1117 autem
329 1080 489 1126 cogitari
530 1083 657 1126 potest
697 1080 841 1117 iudicia
869 1085 948 1117 tam
977 1085 1131 1127 aperta,
1175 1081 1302 1127 qualia
1327 1081 1550 1118 Licinianus
1586 1081 1631 1117 de

159 1144 343 1192 Pompeio
371 1144 481 1189 facit,
525 1145 644 1182 fuisse
680 1145 756 1182 iam
785 1145 884 1192 apud
912 1145 1160 1183 Posidonium
1188 1157 1310 1192 neque
1340 1146 1545 1183 verisimile
1574 1151 1632 1183 est

161 1221 207 1247 ea
235 1221 283 1247 ex
311 1210 386 1247 alio
415 1210 521 1247 fonte
551 1210 598 1247 ab
618 1210 819 1248 Liciniano
849 1211 930 1258 ipso
960 1211 999 1248 in
1029 1212 1247 1248 memoriam
1267 1211 1461 1248 Posidonii
1488 1212 1632 1248 inserta

162 1285 255 1320 esse,
286 1286 369 1313 cum
390 1275 582 1313 artissime
602 1287 684 1312 cum
705 1280 788 1313 tota
807 1277 1028 1314 narratione
1057 1277 1298 1320 cohaereant,
1331 1280 1443 1323 atque
1464 1275 1632 1313 Granius

162 1351 235 1378 non
263 1341 378 1378 facile
405 1341 460 1378 ita
487 1341 657 1378 sontibus
686 1352 776 1378 usus
806 1342 868 1378 sit.

267 1406 372 1452 Ergo
402 1406 606 1444 conicimus
635 1417 720 1443 eum
750 1417 824 1443 uon
853 1417 898 1444 ex
928 1407 1009 1453 ipso
1039 1406 1244 1444 Posidonio
1272 1406 1459 1450 hausisse,
1490 1405 1557 1443 sed
1585 1417 1630 1442 ex

161 1469 279 1514 fonte,
323 1472 389 1518 qui
429 1471 531 1508 redit
573 1472 622 1508 ad
651 1472 777 1515 illum,
822 1471 985 1508 fortasse
1015 1483 1060 1509 ex
1088 1470 1288 1508 Strabonis
1316 1471 1630 1519 hypomnematis.

161 1535 386 1575 Strabonem
415 1547 639 1583 quamquam
682 1537 884 1584 praecipue
913 1537 1116 1574 Posidonio
1147 1537 1364 1581 nitebatur,
1408 1536 1447 1573 in
1475 1535 1631 1582 Pompei

163 1602 277 1639 rebus
305 1602 562 1639 describendis
591 1602 661 1639 hoc
690 1613 764 1639 uno
794 1614 869 1639 non
897 1603 1049 1648 integro
1079 1606 1238 1639 auctore
1267 1606 1487 1639 contentum
1515 1600 1631 1637 fuisse

163 1668 227 1705 vix
256 1667 360 1704 credi
401 1671 538 1714 potest.
596 1667 753 1705 Solebat
794 1668 920 1714 potius
961 1667 1023 1704 hic
1058 1668 1223 1714 scriptor
1258 1678 1403 1703 summa
1432 1665 1631 1712 diligentia

164 1732 329 1779 undique
369 1733 569 1770 materiam
613 1732 850 1781 colligere.1)
907 1733 990 1780 Quo
1020 1732 1169 1778 quidem
1213 1743 1258 1769 ex
1301 1732 1406 1769 fonte
1448 1730 1631 1768 hocloco

163 1797 412 1835 Posidonium
440 1798 688 1845 suppleverit,
727 1798 931 1837 nescimus:
975 1798 1046 1835 hoc
1074 1801 1223 1834 tantum
1254 1801 1412 1844 apparet
1441 1807 1526 1832 eum
1554 1795 1633 1832 sine

164 1863 225 1900 ira
253 1867 293 1900 et
333 1862 459 1900 studio
494 1874 556 1900 res
586 1874 607 1899 a
636 1862 816 1909 Pompeio
846 1866 975 1908 gestas
1003 1872 1191 1899 narrasse.
1247 1861 1391 1909 Quodsi
1419 1872 1480 1898 res
1508 1861 1564 1898 ita
1592 1871 1632 1897 se

165 1927 294 1973 habet,
322 1928 545 1976 Appianum
586 1927 798 1975 putandum
840 1932 898 1964 est
925 1928 1006 1974 ipso
1035 1927 1241 1964 Posidonio
1271 1937 1378 1963 usum
1408 1936 1500 1963 esse.
1555 1925 1632 1962 Per

165 1992 391 2031 Strabonem
433 1993 538 2030 illum
580 1993 706 2030 redire
751 1993 797 2029 ad
834 1992 1080 2030 Posidonium
1123 1992 1168 2028 de
1210 1992 1330 2039 primo
1372 1991 1471 2028 libro
1513 1990 1635 2027 adhuc

166 2058 332 2095 nondum
359 2058 659 2096 demonstratum
680 2061 750 2103 est,
762 2057 792 2106 2)
823 2061 937 2104 atque
965 2057 1114 2094 etiamsi
1142 2057 1332 2094 nonnullis
1360 2056 1454 2093 locis
1483 2055 1634 2092 demon-

167 2126 367 2168 straretur,
410 2127 536 2160 tamen
566 2123 730 2169 cogitari
759 2126 887 2170 posset
915 2122 1135 2169 Appianum
1164 2132 1448 2168 nonnunquam,
1493 2124 1536 2157 ut
1564 2120 1634 2157 hoc

165 2189 263 2234 loco,
291 2188 414 2236 ipsum
443 2188 641 2225 Posidonii
669 2188 807 2225 librum
835 2187 1054 2234 inspexisse.

261 2348 289 2389 l)
316 2347 403 2384 Otto
428 2358 463 2394 p.
490 2349 558 2383 215
585 2349 622 2383 et
646 2347 805 2392 saepius.

261 2408 288 2450 2)
313 2407 449 2443 Parum
467 2409 638 2443 accurate
655 2406 744 2441 dicit
761 2405 1070 2442 Maurenbrechcr
1087 2404 1110 2440 1.
1126 2416 1155 2440 c.
1169 2417 1192 2450 p
1219 2406 1256 2441 9:
1279 2406 1398 2448 „recte
1420 2402 1636 2439 Arnoldium

167 2478 210 2503 ac
239 2466 432 2512 Vogelium
472 2466 681 2502 docuisse
719 2465 888 2510 arbitror,
925 2464 1114 2500 Posidonii
1151 2464 1380 2510 aliorumque
1418 2463 1635 2508 scriptorum

166 2527 381 2562 memoriam
397 2537 515 2573 usque
533 2526 580 2561 ad
596 2525 614 2561 Ι
632 2537 661 2561 c.
683 2527 747 2561 106
765 2525 935 2571 Appiano
960 2535 1027 2570 per
1044 2524 1264 2560 Strabonem
1288 2523 1496 2569 praebitam
1519 2523 1636 2557 esse“.

167 2585 386 2622 Strabonem
423 2585 512 2621 belli
548 2585 614 2620 civ.
643 2584 661 2619 Ι
686 2584 825 2620 fontem
863 2594 944 2619 esse
973 2583 1115 2618 Arnold
1153 2583 1299 2618 omnino
1337 2593 1411 2617 non
1449 2580 1638 2617 contendit

167 2645 248 2687 <sed
286 2645 327 2680 in
365 2644 600 2681 Mithradafis
642 2645 787 2679 tantum
827 2642 937 2678 rebus
980 2642 1093 2687 gestis
1135 2640 1375 2686 enarrandis),
1419 2642 1455 2675 et
1494 2638 1637 2683 Vogelii

168 2704 403 2751 quaestiones
428 2703 595 2749 inprimis
621 2703 809 2748 pertinent
826 2701 872 2737 ad
898 2703 1039 2737 ceteros
1064 2700 1178 2736 libros
1197 2699 1286 2736 belli
1311 2699 1391 2745 civ.,
1416 2698 1502 2734 libri
1527 2697 1637 2743 primi

167 2774 303 2809 paucos
327 2765 473 2799 tantum
497 2765 582 2809 post
608 2773 638 2799 c.
663 2763 708 2798 80
732 2760 830 2797 locos
856 2761 896 2796 in
922 2771 1075 2796 examen
1099 2761 1216 2796 vocat.
