2066 3448
736 415 792 422 --
854 393 1025 433 37-

152 521 321 559 Graecos
354 521 453 558 enim
481 521 689 567 scriptores
717 519 820 557 inter
848 519 985 557 Granii
1013 519 1137 557 fontes
1165 518 1280 556 fuisse
1310 518 1437 565 capite
1464 518 1493 555 Ι.
1521 518 1623 555 satis·

150 587 351 634 probatum
381 588 450 632 est,
482 585 538 622 ita
564 589 606 622 ut
634 596 708 621 non
729 584 896 622 dubitem
917 583 1063 622 Granio
1092 584 1208 621 etiam
1228 583 1368 620 bellum
1387 581 1618 620 Cimbricum

150 650 345 688 enarranti
373 649 562 687 Graecum
591 650 784 687 vindicare
815 652 1021 686 auctorem.
1078 647 1153 685 Sed
1183 649 1265 694 quis
1298 648 1364 684 ille
1399 647 1533 693 fuerit,
1578 647 1618 684 in

150 715 369 753 coniectura
397 714 559 762 positum
589 718 656 751 est.
702 713 886 760 Cogitare
915 714 1038 760 possis
1065 713 1110 750 de
1139 713 1301 750 historia
1328 723 1465 758 graeca
1491 711 1618 749 Rutili

148 779 256 824 Rufi,
299 780 404 817 cuius
445 780 485 816 in
519 790 597 816 rem
632 778 821 826 publicam
851 778 986 815 merita
1014 779 1052 815 in
1083 778 1204 814 altero
1233 777 1448 823 fragmento
1478 776 1533 824 (p.
1564 776 1622 813 20¹

149 844 221 882 col.
250 843 302 892 B)
322 844 497 881 laudibus
517 843 720 881 efferantur
740 842 804 892 (cf.
834 842 962 890 infra).
1001 842 1188 889 Equidem
1209 841 1354 879 conicio
1374 841 1616 878 Licinianum

148 909 273 947 redire
314 909 361 946 ad
393 907 692 955 Posidonium‚¹)
734 907 1001 954 gravissimum
1044 907 1134 944 belli
1163 906 1345 943 Cimbrici
1386 906 1617 943 narrationis

148 978 362 1019 auctorem,
405 985 474 1021 per
503 972 703 1010 Strabonis
732 972 971 1021 ὑπομνήματα
999 971 1156 1021 ἱστορικά
1198 972 1232 1009 ei
1277 971 1617 1013 subministratum,

148 1042 356 1085 propterea
384 1038 481 1084 quod
509 1037 734 1075 Strabonem
762 1038 801 1074 in
828 1037 928 1074 bello
959 1036 1060 1074 civili
1090 1036 1337 1073 describendo
1373 1037 1516 1073 fontem
1543 1035 1619 1081 pri-

148 1103 309 1143 marium
330 1103 448 1141 fuisse
469 1114 552 1140 cum
573 1103 701 1148 aliqua
720 1102 801 1139 veri
821 1101 1070 1138 similitudine
1085 1101 1184 1138 infra
1199 1111 1258 1138 me
1273 1100 1618 1137 demonstraturum

151 1179 232 1206 esse
260 1179 382 1215 spero.
439 1166 514 1205 Sed
540 1167 632 1204 licet
665 1178 799 1204 nomen
834 1166 1032 1213 scriptoris
1075 1177 1144 1213 pro
1187 1169 1290 1203 certo
1334 1164 1516 1202 extricari
1543 1175 1618 1201 non

149 1233 287 1279 possit,
331 1236 458 1270 tamen
499 1242 654 1279 prorsus
698 1231 810 1268 aliter
844 1231 889 1267 de
917 1232 987 1268 hoc
1016 1230 1233 1276 fragmento
1262 1229 1506 1267 iudicandum
1536 1239 1618 1266 esse

149 1298 391 1345 cognovimus
419 1302 532 1345 atque
561 1297 683 1334 adhuc
712 1297 786 1334 viri
816 1296 917 1333 docti
947 1296 1161 1333 censebant.

854 1508 910 1546 Π.

261 1603 403 1641 Exstat
436 1603 600 1641 alterum
636 1603 680 1640 de
715 1603 814 1640 bello
849 1602 1038 1640 Cimbrico
1067 1602 1324 1650 fragmentum
1353 1600 1435 1651 (fol.
1466 1599 1569 1639 V111
1588 1611 1623 1645 r,

152 1669 211 1706 ed.
243 1668 367 1706 Bonn.
397 1680 432 1715 p.
463 1669 546 1717 20),
589 1678 661 1714 quo
703 1668 832 1714 agitur
875 1668 920 1704 de
961 1668 1075 1705 rebus
1111 1667 1240 1705 eodem
1276 1677 1373 1704 anno
1404 1666 1477 1703 649
1510 1665 1620 1713 (105)

149 1733 279 1781 gestis.
337 1732 420 1771 Col.
450 1733 487 1770 A
517 1733 720 1780 exponitur
749 1732 794 1769 de
823 1732 953 1769 multis
982 1732 1180 1779 prodigiis,
1225 1742 1321 1778 quae
1358 1732 1445 1778 post
1474 1729 1620 1767 cladem

148 1844 396 1879 necessariam
422 1853 503 1878 esse
528 1842 697 1888 equidem
714 1852 788 1877 non
806 1841 1068 1877 contenderim.
1103 1841 1211 1877 Haud
1227 1841 1349 1876 minus
1368 1840 1463 1876 bona
1479 1839 1624 1875 videtur

150 1903 241 1938 haec
267 1902 480 1948 explicatio:
505 1902 543 1936 in
561 1901 700 1938 Graeco
726 1900 826 1936 fonte
850 1901 1078 1936 enuntiatum
1098 1902 1159 1945 (‘et
1175 1911 1243 1936 nec
1259 1900 1350 1945 ipsis
1371 1899 1465 1944 etc.’)
1485 1898 1624 1934 causali

149 1962 274 2008 aliqua
305 1960 487 2006 particula
512 1971 594 1996 cum
619 1960 852 1996 antecedenti
878 1960 1066 1996 enuntiato
1093 1959 1213 2005 (mihil
1237 1959 1429 2004 indignum
1448 1978 1490 1983 —
1508 1957 1621 2002 fecit⁷)

149 2021 385 2057 coniunctum
423 2021 520 2064 erat,
557 2019 654 2065 quod
680 2019 840 2055 Granius
877 2029 950 2054 non
987 2019 1039 2054 ita
1076 2021 1162 2064 apte
1187 2029 1389 2054 sane-suae
1419 2016 1623 2062 particulae

149 2090 218 2125 ope
248 2079 307 2115 ‘et'
338 2079 524 2114 annexuit.
559 2099 603 2103 —
634 2077 805 2114 Ceterum
824 2089 869 2113 ex
895 2079 1079 2114 structura
1104 2077 1201 2112 ‘nam
1227 2097 1264 2103 —
1295 2076 1432 2122 itaque‘
1459 2076 1624 2121 apparet,

149 2149 260 2185 quam
288 2139 458 2174 accurate
482 2137 558 2173 Lic.
582 2137 740 2182 vestigia
765 2137 923 2172 auctoris
950 2137 1138 2182 presserit.

244 2198 272 2242 1)
299 2197 378 2233 Hac
403 2197 613 2233 coniectura
638 2197 788 2241 accepta
812 2196 920 2232 facile
946 2196 1058 2231 etiam
1084 2195 1260 2241 explicari
1277 2195 1413 2240 potest,
1439 2192 1622 2240 quomodo

149 2256 286 2294 factum
312 2256 380 2302 sit,
415 2258 457 2292 ut
480 2255 550 2291 Dio
589 2255 634 2291 de
661 2255 846 2300 Caepione
885 2257 921 2290 et
946 2254 1070 2290 Mallio
1096 2254 1194 2290 idem
1220 2252 1296 2289 fere
1321 2253 1486 2289 traderet
1510 2254 1622 2298 atque

149 2315 371 2353 Licinianus.
411 2314 565 2351 Constat
590 2314 687 2350 enim
704 2314 861 2349 Dionem
878 2313 1031 2359 Polybio
1054 2324 1162 2348 usum
1181 2323 1261 2348 esse
1279 2312 1334 2357 (cf.
1353 2313 1622 2356 Baumgartner

148 2365 274 2420 „fiber
292 2375 325 2410 d.
345 2373 501 2418 Quellen
519 2373 583 2409 des
602 2373 642 2410 C.
661 2374 703 2409 D.
723 2373 782 2408 fiir
807 2373 866 2408 die
893 2373 1008 2408 altere
1033 2376 1124 2408 rbm.
1149 2371 1305 2408 Gesch.“
1323 2371 1477 2415 Tubing.
1506 2370 1621 2414 1880).

153 2433 227 2469 Gur
252 2433 366 2477 igitur
389 2443 464 2468 non
490 2432 683 2468 credamus
708 2431 814 2466 illum
841 2442 884 2467 ex
910 2441 952 2466 eo
984 2441 1130 2476 quoque
1168 2430 1353 2475 hausisse,
1391 2430 1454 2475 qui
1478 2428 1625 2474 Polybii

150 2492 324 2528 historias
352 2492 599 2527 continuavit?
648 2490 786 2536 Utique
812 2489 1021 2534 negandum
1047 2500 1128 2524 esse
1154 2490 1255 2534 puto,
1282 2489 1379 2534 quod
1405 2486 1625 2523 Miillenhoff

150 2562 186 2597 p.
207 2553 272 2587 123
291 2550 374 2586 adn.
400 2550 540 2595 statuit,
565 2549 695 2585 Dionis
721 2549 968 2584 narrationem
987 2559 1032 2583 ex
1050 2547 1145 2583 Livii
1170 2547 1275 2583 libris
1302 2547 1502 2583 derivatam
1528 2557 1623 2591 esse,

150 2621 234 2646 cum
249 2609 397 2645 Cassius
413 2609 484 2644 Dio
502 2619 629 2644 verum
646 2608 870 2654 proeliorum
887 2607 984 2653 apud
998 2607 1244 2642 Arausionem
1261 2606 1440 2643 factorum
1457 2605 1622 2641 ordinem

150 2668 306 2705 noverit.
370 2667 597 2704 Consensum
635 2668 775 2712 autem,
816 2666 878 2712 qui
914 2666 1011 2702 inter
1046 2666 1153 2702 Dion.
1192 2665 1234 2700 fr.
1263 2668 1318 2711 92,
1338 2669 1357 2702 2
1385 2667 1421 2701 et
1452 2664 1622 2702 Orosium

151 2728 376 2774 Florumque
399 2726 594 2762 intercedit
619 2725 850 2771 (Miillenhoff
872 2737 907 2771 p.
937 2728 1001 2761 142
1028 2725 1126 2769 adn.)
1151 2725 1205 2760 ita
1232 2725 1397 2770 expedio,
1422 2726 1463 2759 ut
1480 2723 1622 2759 Livium

153 2789 189 2823 et
206 2786 376 2823 Cassium
401 2797 446 2821 ex
471 2785 599 2821 eodem
624 2787 786 2830 auctore,
809 2795 941 2829 nempe
962 2795 1005 2820 ex
1022 2783 1231 2830 Posidonio,
1256 2783 1418 2829 pendere
1442 2793 1622 2819 censeam.
