2066 3448
771 388 1061 429 -19—

176 517 276 556 unde
303 517 372 555 illa
399 515 500 554 fama
529 519 615 554 orta
643 516 711 554 sit:
754 514 929 554 Judaeos
972 514 1070 552 enim
1113 512 1160 557 ei,
1205 513 1268 560 qui
1297 523 1448 560 semper
1475 513 1655 560 religioni

175 593 307 621 eorum
333 581 631 620 inimicissimum
660 591 700 618 se
727 585 919 627 gesserat,
962 582 1122 616 mortem
1156 589 1270 624 quam
1308 577 1586 615 atrocissimam
1615 582 1654 615 et

175 647 433 686 foedissimam
471 646 707 693 excogitasse
736 648 910 692 apparet.
968 643 1030 682 Ac
1058 654 1105 681 ne
1133 643 1181 681 iis
1211 642 1372 689 quidem,
1403 653 1499 689 quae
1527 643 1656 690 priore

173 713 258 751 loco
287 712 515 759 accepimus,
558 711 715 748 multum
745 709 992 747 tribuendum
1020 719 1102 747 esse
1131 707 1295 751 videtur,
1333 719 1417 746 cum
1446 707 1501 746 11.
1530 707 1654 745 Mace.

172 778 267 815 fides
294 777 479 815 historica
506 787 583 814 non
611 776 668 813 ita
694 786 833 822 magna
861 775 923 812 sit.
938 774 968 822 ¹)

319 840 396 880 Sed
424 841 620 890 Polybius,
664 840 871 887 Josephus‚
913 839 946 877 I.
976 838 1098 876 Mace.
1125 848 1216 875 num
1244 841 1351 876 recte
1393 838 1657 875 consenserint

174 906 411 945 Antiochum
432 907 546 955 paulo
566 909 653 954 post
667 916 805 943 vanum
825 905 932 942 illum
950 904 1134 951 impetum
1152 903 1192 940 in
1211 904 1395 950 templum
1411 902 1654 951 Elymaicum

174 972 319 1009 factum
348 971 395 1009 de
423 971 505 1009 vita
534 970 750 1016 decessisse,
780 979 857 1007 non
875 968 988 1016 plane
1018 972 1165 1005 certum
1185 971 1253 1006 est.
1293 968 1530 1014 Quamquam
1552 968 1653 1005 enim

171 1036 379 1074 Hoffmann
408 1036 463 1085 (p.
496 1036 565 1085 77)
602 1035 754 1073 illorum
796 1033 1014 1071 testimonio
1057 1032 1239 1077 credidit,
1282 1036 1411 1070 tamen
1453 1033 1529 1070 iam
1560 1033 1655 1071 Gut-

173 1102 359 1140 schmidio
388 1101 662 1151 (‚,Geschichte
689 1100 842 1145 Irans“,
872 1098 1036 1145 Tubing.
1063 1099 1175 1143 1888,
1206 1109 1241 1145 p.
1272 1098 1343 1147 41)
1373 1097 1460 1136 inde
1489 1097 1654 1145 suspicio

175 1170 310 1204 exorta
339 1170 409 1211 est,
439 1165 538 1213 quod
567 1166 690 1203 exitus
719 1164 906 1202 Antiochi
933 1163 1149 1211 Epiphanis
1177 1163 1385 1200 secundum
1414 1163 1504 1200 illos
1533 1162 1654 1210 scrip-

176 1237 281 1270 tores
311 1232 426 1269 etiam
455 1231 495 1268 in
523 1229 790 1268 minutissimis
818 1229 932 1266 rebus
960 1239 1034 1275 par
1062 1232 1118 1266 est
1146 1228 1269 1276 patris
1299 1227 1477 1265 Antiochi
1509 1227 1582 1264 ΙΙΙ.

312 1296 378 1334 Ab
397 1296 458 1333 his
479 1295 732 1343 scriptoribus
751 1295 852 1331 inter
867 1304 907 1331 se
923 1292 1210 1331 concinentibus
1225 1292 1448 1330 Licinianus
1465 1291 1655 1335 dissentit,

172 1362 237 1408 qui
265 1361 394 1400 verbis
424 1361 503 1398 ‘has
531 1360 597 1398 ille
625 1371 766 1407 poenas
794 1357 941 1396 infandi
961 1358 1142 1404 sacrilegi
1161 1357 1327 1395 incensis
1356 1356 1539 1404 expendit
1568 1356 1653 1394 diis'

172 1437 325 1464 causam
361 1427 494 1464 mortis
523 1425 709 1463 Antiochi
749 1424 848 1472 petit
884 1424 932 1462 ab
967 1423 1111 1470 templo
1139 1422 1437 1470 Hierapolitano
1472 1421 1652 1469 spoliato.

171 1491 248 1530 Sed
291 1503 338 1530 ex
364 1492 440 1530 hac
467 1502 543 1529 una
571 1490 832 1538 discrepantia
869 1488 1168 1527 concludendum
1199 1498 1280 1525 esse
1309 1487 1553 1525 Licinianum
1581 1497 1657 1525 non

170 1557 338 1604 pendere
366 1568 413 1594 ex
441 1556 625 1594 memoria
644 1554 912 1604 Polybiana‚2)
940 1554 1034 1591 mihi
1053 1553 1204 1600 quidem
1229 1564 1306 1590 non
1332 1563 1556 1601 persuasum
1577 1555 1646 1589 est.

170 1623 289 1660 Immo
318 1633 410 1660 vero
440 1633 524 1659 cum
558 1621 597 1659 in
625 1621 888 1668 superioribus
929 1619 1130 1658 sententiis
1160 1618 1326 1657 Granius
1354 1617 1508 1665 Polybii
1537 1617 1656 1654 verba

172 1687 361 1725 artissime
380 1690 540 1735 premat,
567 1686 786 1733 putaverim
807 1696 891 1722 eum
911 1683 1154 1731 sacrilegium
1175 1682 1520 1730 Hierapolitanum‚
1553 1680 1654 1727 quod

171 1752 275 1800 apud
302 1752 506 1800 Polybium
535 1762 685 1798 quoque
714 1754 828 1788 antea
855 1752 1106 1787 memoratum
1135 1749 1251 1786 fuisse
1280 1747 1395 1785 facile
1424 1745 1578 1787 credas,
1608 1755 1656 1782 ne

171 1816 311 1855 salsam
340 1817 600 1854 narrationem
622 1816 828 1859 omitteret,
858 1814 896 1851 in
917 1824 1010 1861 opus
1029 1824 1137 1851 suum
1158 1812 1346 1860 recepisse
1367 1816 1482 1858 atque
1503 1810 1655 1857 ipsum

169 1886 332 1921 mortem
351 1881 536 1920 Antiochi
557 1892 640 1919 cum
661 1891 704 1918 eo
726 1879 978 1918 coniunxisse.
1016 1879 1269 1924 Quamobrem
1292 1877 1409 1915 etiam
1437 1875 1654 1922 comprob0‚

171 1947 273 1994 quod
300 1947 396 1984 Keil
439 1945 644 1984 secundum
685 1944 888 1992 Polybium
929 1944 952 1981 1.
984 1955 1015 1982 c.
1045 1943 1217 1980 restituit
1255 1942 1324 1979 col.
1354 1941 1389 1978 B
1419 1942 1441 1978 5
1474 1939 1653 1988 ‘[terrore

170 2013 289 2061 p]erit
317 2010 529 2056 nocturno',
558 2011 631 2048 nisi
659 2010 771 2048 malis
801 2010 915 2057 ‘vi[su
944 2009 1097 2057 int]erit
1124 2006 1379 2053 noctul‘no'.3)

311 2076 394 2114 Iam
424 2076 681 2123 quaerendum
711 2079 788 2121 est,
832 2085 921 2112 num
951 2074 1077 2112 omnia
1104 2073 1185 2118 illa,
1215 2082 1312 2119 quae
1342 2071 1388 2108 de
1417 2073 1542 2107 morte
1570 2068 1654 2106 An-

173 2142 292 2181 tiochi
321 2145 541 2186 narrantur,
571 2152 663 2178 vera
691 2140 767 2177 sint
794 2139 998 2178 iudicanda
1025 2149 1155 2176 necne.
1193 2137 1366 2175 Primum
1394 2134 1653 2181 unusquisque

173 2207 355 2245 concedet
375 2205 535 2252 Granio,
556 2206 588 2244 si
608 2205 816 2244 verisimile
836 2209 895 2243 est
914 2215 998 2242 eum
1017 2203 1143 2241 redire
1165 2203 1212 2240 ad
1231 2201 1445 2250 Polybium,
1475 2210 1654 2246 magnam

170 2271 283 2310 fidem
313 2283 396 2310 esse
424 2271 649 2309 habendam.
691 2270 820 2317 Atque
850 2270 950 2316 quod
976 2269 1188 2307 Antiochus
1217 2265 1420 2314 aliquando
1450 2264 1653 2312 Hierapoli

312 2407 337 2453 ¹)
365 2407 565 2442 Hoffmann
588 2406 614 2442 1.
640 2417 671 2442 c.
697 2417 732 2452 p.
759 2409 780 2442 4
807 2416 886 2451 sqq.

313 2467 340 2511 ²)
367 2466 428 2502 Sic
451 2465 591 2501 iudicat
614 2465 769 2512 Wijnne,
795 2463 889 2500 Phil.
914 2462 978 2499 XV
1005 2462 1123 2507 (1860)
1149 2472 1186 2507 p.
1213 2463 1293 2497 361.

313 2525 341 2570 ³)
365 2524 561 2560 Francken
586 2535 621 2570 p.
649 2526 717 2560 254
743 2523 936 2569 proposuit
962 2522 1011 2556 ‘in
1035 2521 1170 2557 itinere
1196 2519 1294 2565 perit
1319 2518 1510 2554 nocturno'
1540 2519 1651 2563 atque

174 2584 388 2631 explicavit:
415 2584 572 2620 fortasse
598 2583 834 2627 Antiochum,
870 2592 953 2617 cum
977 2581 1016 2615 in
1040 2580 1208 2615 morbum
1234 2578 1436 2622 incidisset,
1461 2577 1532 2612 iter
1559 2575 1651 2611 adeo

171 2643 420 2688 accelerasse,
457 2645 499 2679 ut
534 2654 581 2678 ne
617 2643 761 2678 noctem
801 2640 950 2687 quidem
974 2639 1255 2683 intermitteret,
1294 2647 1366 2682 quo
1393 2635 1549 2671 celerius
1577 2635 1652 2670 An-

170 2702 346 2739 tiochiam
371 2702 582 2748 perveniret
607 2721 651 2728 —
677 2700 714 2736 id
741 2700 839 2747 quod
863 2699 954 2735 mihi
981 2698 1128 2744 quidem
1153 2708 1228 2733 non
1253 2694 1452 2732 verisimile
1479 2696 1546 2730 est.

1370 2772 1413 2808 2ss
