2066 3448
751 372 1039 414 -35—

164 497 344 534 memoria
369 500 524 544 recepta
554 500 622 535 est.
635 497 667 547 ¹)
701 497 778 536 Sed
801 499 875 535 iam
896 499 1042 546 pridem
1062 499 1137 537 viri
1157 499 1259 537 docti
1278 499 1626 538 animadverterunt

164 561 314 599 Livium
341 562 511 608 quamvis
530 573 643 609 saepe
662 562 834 600 Antiatis
852 563 1047 601 mendacia
1065 563 1353 611 impugnaverit,
1384 565 1624 603 nihilominus

162 626 201 663 in
242 626 496 672 compluribus
524 627 631 664 libris
673 627 752 664 eius
795 627 991 665 annalibus
1020 632 1198 674 tanquam
1229 628 1475 666 fundamento
1503 629 1621 667 histo-

161 689 304 728 riarum
332 701 489 728 suarum
517 702 624 728 usum
658 692 790 739 esse.2)
811 692 942 738 Atque
961 692 1122 730 fortasse
1147 693 1185 729 in
1205 693 1252 730 iis
1272 704 1420 740 quoque
1438 695 1622 741 partibus,

163 765 257 801 quae
287 755 334 792 ad
362 760 532 793 nostram
560 757 819 802 quaestionem
841 757 1047 803 pertinent,
1077 767 1161 794 eum
1180 762 1331 795 secutus
1351 761 1420 796 est.
1458 758 1622 796 Miillen·

160 819 242 856 hoff
271 820 310 865 (l.
341 832 372 858 c.
408 832 444 868 p.
478 821 550 858 125
580 820 679 869 sqq.)
721 825 899 858 accurate
941 821 1216 859 demonstravit
1242 822 1393 859 Livium
1434 823 1623 860 interdum

159 884 364 922 Posidonio
383 884 605 933 Apamensi,
634 885 740 923 fonte
766 886 955 932 primario,
985 887 1160 932 neglecto
1180 886 1372 924 annalium
1402 887 1621 934 scriptorem

159 948 371 986 Romanum
400 949 620 996 inspexisse.
677 949 763 987 Hoc
791 953 833 986 ut
862 950 1070 997 exemplum
1114 950 1287 996 afferam,
1332 951 1420 988 inde
1461 955 1621 998 apparet

159 1014 257 1060 quod
299 1014 338 1051 in
380 1014 628 1052 describenda
668 1025 797 1060 pugna
825 1014 925 1061 apud
952 1014 1083 1061 Aquas
1110 1014 1260 1052 Sextias
1303 1016 1499 1054 commissa
1527 1015 1617 1053 Plu-

157 1078 313 1116 tarchus
348 1079 403 1126 (in
431 1080 511 1117 vita
537 1078 686 1128 Marii),
729 1078 924 1116 Posidonii
965 1080 1125 1124 assecla,
1168 1090 1322 1127 prorsus
1365 1080 1538 1117 dissentit
1571 1080 1618 1118 ab

156 1142 407 1181 Liv.-Orosi0,
461 1143 574 1180 Hunc
614 1143 804 1180 annalium
847 1144 1072 1189 scriptorem
1115 1143 1233 1181 fuisse
1267 1145 1389 1191 ipsum
1428 1145 1618 1181 Valerium

156 1208 260 1245 nullo
302 1211 406 1245 certo
449 1212 672 1253 argumento
700 1208 927 1245 Miillenhoff
967 1209 1163 1246 confirmat
1203 1209 1277 1246 nisi
1309 1209 1392 1246 loco
1421 1208 1617 1253 Orosiano,

157 1283 228 1319 quo
257 1283 436 1310 numerus
464 1273 655 1310 hominum
683 1272 731 1309 ad
758 1272 1012 1310 Arausionem
1053 1273 1339 1310 interfectorum
1376 1274 1422 1310 ab
1456 1274 1617 1311 Antiate

156 1338 356 1385 repetitur.
413 1337 498 1374 Etsi
525 1338 645 1384 igitur
687 1337 732 1374 de
775 1338 923 1374 nomine
966 1348 1046 1375 mea
1089 1338 1238 1384 quidem
1278 1338 1465 1375 sententia
1497 1339 1619 1376 minus

157 1405 301 1439 certum
331 1406 390 1440 est
416 1402 613 1446 iudicium,
655 1405 783 1439 tamen
826 1402 871 1439 de
899 1413 942 1439 re
971 1413 1045 1440 non
1074 1406 1131 1440 est
1173 1402 1430 1440 dubitandum.
1487 1402 1616 1449 Atque

156 1467 363 1505 verisimile
393 1470 451 1504 est
477 1467 629 1504 Livium
659 1466 774 1503 etiam
802 1467 838 1503 in
870 1467 1093 1504 enarrandis
1121 1467 1277 1514 proeliis
1319 1467 1366 1503 ad
1395 1465 1616 1504 Rhodanum

155 1532 362 1569 commissis
390 1543 437 1569 ex
464 1531 530 1568 illo
559 1531 752 1568 annalium
780 1531 984 1578 scriptore,
1021 1542 1094 1569 non
1125 1542 1171 1568 ex
1197 1531 1405 1569 Posidonio
1432 1531 1613 1570 hausisse.

152 1596 250 1634 Nam
278 1597 349 1634 hoc
378 1596 486 1634 modo
515 1595 688 1642 intellegi
707 1598 833 1642 potest
852 1595 1002 1633 Livium
1032 1596 1170 1633 falsum
1189 1596 1418 1643 proeliorum
1446 1597 1613 1634 ordinem

151 1662 352 1708 praebere,
407 1661 508 1708 quod
552 1661 585 1698 si
629 1660 874 1698 Posidonium
919 1664 1010 1698 ante
1055 1661 1183 1698 oculos
1235 1661 1448 1707 habuisset,
1504 1661 1614 1698 valde

151 1726 387 1764 miraremur.
399 1726 430 1774 ⁸)

257 1789 333 1827 Sed
361 1795 403 1827 ut
431 1790 480 1827 ad
508 1789 748 1827 Licinianum
777 1793 1031 1832 revertamur,
1075 1800 1300 1835 quamquam
1328 1800 1373 1827 ex
1407 1790 1491 1827 illo
1520 1790 1604 1827 loco

149 1866 221 1901 quo
251 1856 297 1892 de
325 1855 488 1892 militum
516 1855 616 1902 apud
647 1855 894 1891 Arausionem
923 1865 1118 1891 caesorum
1148 1854 1312 1891 numeris
1341 1855 1486 1900 agitur,
1518 1854 1612 1891 nihil

149 1920 282 1968 certi4)
337 1919 466 1966 colligi
512 1930 621 1966 posse
666 1919 942 1966 perspeximus,
995 1923 1122 1955 tamen
1168 1919 1376 1964 quicunque
1423 1919 1612 1957 diversam

147 1985 379 2032 proeliorum
409 1985 727 2028 consecutionem,
772 1994 883 2030 quam
926 1994 1041 2029 supra
1069 1983 1373 2029 memoravimus,
1417 1984 1608 2030 respiciet,

241 2131 268 2176 ¹)
295 2130 447 2167 Orosius
474 2130 586 2166 etiam
609 2129 670 2175 IV,
688 2132 742 2173 20,
762 2132 801 2165 21
834 2129 1086 2164 tantummodo
1111 2138 1282 2163 numeros
1300 2127 1461 2163 Antiatis
1488 2127 1610 2173 habet,

146 2201 220 2226 non
243 2189 405 2235 Polybii,
437 2199 659 2235 quamquam
684 2188 807 2223 Livius
832 2188 912 2233 ipse
937 2187 1115 2233 (XXXVI,
1145 2190 1203 2232 19,
1226 2189 1279 2230 11)
1318 2187 1414 2222 hunc
1438 2186 1611 2231 praefert.

241 2262 266 2305 2)
291 2259 425 2296 Nissen
450 2259 566 2305 „Krit
593 2260 764 2295 Unters.“
788 2270 823 2304 p.
850 2261 906 2295 46.

240 2331 272 2374 ³)
294 2331 442 2366 Nullius
467 2330 643 2366 momenti
669 2332 734 2375 est,
761 2329 857 2375 quod
882 2329 992 2364 etiam
1009 2328 1103 2364 Plut.
1122 2328 1210 2364 Mar.
1233 2331 1273 2364 19
1294 2328 1356 2374 qui
1372 2327 1609 2362 Posidonium

145 2389 328 2437 sequitur,
368 2390 407 2424 in
445 2389 689 2434 descriptione
730 2398 874 2434 pugnae
912 2387 1009 2433 apud
1044 2387 1170 2433 Aquas
1211 2386 1352 2422 Sextias
1393 2385 1607 2421 commissae

144 2448 310 2484 Mallium
334 2448 456 2493 priore
481 2447 562 2483 loco
588 2448 706 2483 obiter
731 2447 838 2482 affert
864 2447 942 2491 (τέυν
973 2445 1134 2492 πολεμίων
1161 2444 1197 2479 τὸ
1226 2445 1461 2491 μαχιμώτατον
1493 2445 1606 2490 μέρος,

147 2506 200 2552 ὑφ’
241 2506 277 2540 οὖ
303 2509 508 2553 upon-aomo
529 2506 699 2552 (Ρωμαῖοι
738 2505 819 2552 μετὰ
847 2505 998 2539 Μαλλίου
1036 2499 1090 2538 καὶ
1116 2500 1303 2542 Καιπίωνος
1334 2504 1494 2549 πρότερον
1521 2503 1606 2547 κτλ.)

144 2565 240 2602 Nam
264 2567 356 2601 haec
379 2567 490 2602 verba
516 2577 561 2601 ex
584 2565 761 2600 memoria
787 2575 867 2600 esse
893 2564 1101 2609 conscripta
1126 2562 1359 2598 manifestum
1386 2564 1450 2598 est.

240 2638 265 2681 ⁴)
288 2636 372 2672 Non
396 2636 502 2672 video
528 2647 600 2683 quo
628 2637 708 2672 iure
739 2635 818 2671 edd.
844 2635 961 2671 Bonn.
998 2635 1078 2670 sine
1115 2634 1193 2669 ulla
1231 2633 1459 2669 dubitatione
1496 2643 1531 2677 p.
1563 2634 1604 2667 19

144 2695 392 2732 adn..dicant:
430 2695 639 2742 „discrepat
664 2695 739 2730 Livi
768 2694 981 2740 periocha“,
1007 2704 1088 2729 cum
1113 2703 1285 2729 numerus
1311 2692 1408 2737 apud
1430 2691 1506 2727 Lic.
1531 2691 1605 2735 legi

141 2766 216 2791 non
239 2755 369 2800 possit.

1325 2809 1366 2846 3*
