2066 3448
858 422 1146 462 -87-

273 548 442 586 fontibus
459 547 641 584 adhibitis
655 547 737 585 eius
752 547 860 585 libris
875 552 1057 594 tanquam
1074 548 1320 586 fundamento
1341 550 1400 587 usi
1419 549 1507 593 sint,
1523 549 1746 586 Licinianus

276 614 322 650 ob
351 612 390 649 id
418 612 540 659 ipsum
573 612 731 659 insignis
760 617 835 657 est,
878 613 977 658 quod
1005 613 1217 659 posteriore
1252 617 1379 651 aetate
1413 625 1480 651 suo
1509 614 1670 651 arbitrio
1701 625 1748 651 ex

275 677 532 724 compluribus
559 676 726 714 fontibus
755 688 816 714 res
845 677 1038 715 Romanas
1068 682 1225 716 conatus
1270 683 1330 716 est
1371 679 1549 716 scribere.
1606 679 1748 716 Tamen

276 754 352 780 non
383 742 556 779 consulto
587 753 651 787 ea,
696 753 790 788 quae
819 742 951 780 Livius
981 743 1160 786 tradidit,
1203 744 1434 791 repudiavit3
1480 744 1592 780 immo
1635 744 1749 781 etiam

275 808 337 845 hic
364 807 401 844 in
431 807 600 844 fontibus
630 810 729 847 erat.
775 807 840 844 sed
868 812 1050 853 quantum
1079 819 1125 845 ex
1167 808 1391 855 fragmentis
1433 809 1539 846 nobis
1583 809 1749 845 servatis

275 883 474 920 possumus
495 872 689 918 colligere,
710 872 847 909 ceteris
867 872 1115 920 scriptoribus
1135 884 1208 910 non
1230 873 1543 921 praeferebatur:
1564 872 1748 910 Granium

279 947 322 975 eo
353 948 462 974 usum
493 947 575 974 esse
605 936 858 974 demonstrari
887 948 961 974 non
990 941 1144 985 poterat
1177 938 1249 975 nisi
1290 938 1329 975 in
1371 941 1480 985 parte
1510 937 1598 974 belli
1626 938 1751 975 civilis

276 1006 316 1039 et
344 1000 539 1040 Cimbrici.

379 1066 524 1114 Quodsi
565 1066 756 1104 Liciniani
798 1067 986 1104 rationem
1029 1066 1151 1104 fontes
1192 1068 1230 1104 in
1273 1078 1380 1104 suum
1423 1078 1528 1105 usum
1573 1068 1747 1105 vertendi

272 1131 515 1178 respicimus,
559 1132 615 1168 ita
651 1132 755 1168 nobis
790 1131 943 1169 videtur
986 1143 1068 1168 esse
1102 1132 1362 1169 iudicandum:
1407 1131 1582 1180 Soriptor
1610 1133 1748 1170 nesciit

276 1197 528 1243 complurium
557 1196 719 1233 fontium
748 1197 987 1233 narrationes
1017 1197 1073 1234 ita
1100 1197 1200 1234 inter
1229 1208 1269 1235 se
1298 1197 1537 1244 coniungere,
1567 1203 1610 1234 ut
1628 1208 1748 1234 novae

271 1261 505 1299 narrationis
534 1265 735 1298 contextus
763 1265 969 1308 perpetuus
999 1262 1189 1299 evaderet.
1205 1261 1234 1310 ¹)
1289 1261 1422 1308 Neque
1458 1263 1556 1299 enim
1585 1262 1745 1299 materia

278 1326 447 1371 undique
490 1329 604 1363 antea
647 1326 806 1363 collecta
849 1326 896 1363 ad
944 1337 1036 1374 opus
1084 1337 1286 1373 aggressus
1333 1332 1408 1372 est,
1455 1327 1522 1364 sed
1568 1331 1611 1363 ut
1652 1327 1749 1364 certi

273 1391 457 1438 temporis
485 1391 601 1437 spatii
629 1391 827 1428 historiam
857 1391 1054 1433 scriberet,
1085 1402 1228 1439 paucos
1256 1394 1403 1429 tantum
1432 1391 1556 1430 fontes
1581 1392 1748 1439 inspexit

274 1460 313 1493 et
340 1455 456 1493 alium
484 1459 572 1503 post
598 1455 713 1492 alium
749 1456 960 1502 exscripsit.
1018 1457 1102 1504 Qua
1130 1457 1319 1494 scribendi
1361 1457 1512 1494 ratione
1553 1468 1660 1504 usus,
1706 1461 1748 1494 ut

271 1521 446 1568 inprimis
474 1521 513 1557 in
542 1521 589 1557 iis
618 1520 845 1567 fragmentis
880 1531 1108 1567 cognoscere
1152 1525 1388 1568 poteramus,
1433 1532 1528 1568 quae
1570 1525 1660 1558 sunt
1702 1521 1747 1559 de

270 1585 370 1623 bello
401 1585 521 1632 civili,
565 1596 640 1622 non
684 1596 832 1632 semper
876 1597 936 1630 ea,
980 1596 1076 1632 quae
1118 1597 1164 1623 ex
1205 1586 1372 1624 fontibus
1401 1591 1534 1633 postea
1562 1586 1746 1624 adhibitis

273 1655 425 1699 sumpta
455 1654 576 1696 erant,
607 1655 697 1698 apto
727 1651 810 1689 loco
839 1652 1009 1690 inseruit.
1057 1652 1202 1690 Eodem
1231 1653 1341 1691 modo
1371 1653 1636 1700 explicandum
1666 1664 1748 1690 esse

271 1720 467 1763 putamus,
515 1716 700 1762 quomodo
743 1715 885 1753 factum
929 1717 998 1762 sit,
1045 1722 1088 1754 ut
1128 1717 1295 1765 scriptor
1339 1718 1489 1765 saepius
1533 1721 1747 1764 temporum

273 1780 441 1818 ordinem
470 1791 627 1828 prorsus
656 1781 891 1828 neglegeret.
939 1781 1088 1819 Deinde
1116 1782 1286 1820 fontibus
1314 1793 1388 1820 non
1418 1782 1628 1829 aequaliter
1657 1793 1745 1820 usus

271 1849 345 1889 est;
363 1857 450 1883 nam
466 1847 661 1894 exemplar
675 1858 782 1884 suum
799 1847 906 1884 modo
927 1859 1048 1894 paene
1068 1848 1116 1884 ad
1142 1849 1300 1886 verbum
1320 1848 1437 1886 vertit
1458 1869 1507 1875 —
1528 1848 1748 1886 videbamus

272 1921 356 1948 eum
384 1911 424 1947 in
459 1911 526 1957 iis,
570 1922 665 1958 quae
702 1912 748 1949 de
776 1911 971 1949 Antiocho
1000 1912 1061 1951 IV
1090 1917 1129 1950 et
1155 1912 1194 1951 V
1236 1913 1375 1959 tradit,
1421 1913 1620 1951 concinere
1663 1924 1748 1950 cum

271 1974 434 2024 Polybio
478 1980 517 2014 et
558 1977 596 2014 in
639 1977 738 2014 bello
782 1976 973 2014 Cimbrico
1021 1977 1268 2016 describendo
1313 1977 1504 2015 Graecam
1547 1978 1748 2016 verborum

272 2041 592 2079 constructionem
627 2045 728 2079 ‘nam
752 2063 797 2068 —
827 2042 966 2089 itaque'
1005 2054 1176 2080 servasse
1196 2065 1245 2069 —
1266 2043 1374 2080 modo
1410 2043 1518 2080 valde
1554 2043 1594 2081 in
1623 2047 1746 2080 artum

271 2106 461 2143 contraxit
488 2110 532 2143 ut
573 2107 610 2144 in
646 2108 866 2145 narratione
914 2108 1005 2145 belli
1038 2107 1310 2145 Mithradatici.
1324 2108 1354 2156 2)
1410 2107 1531 2155 Saepe
1571 2108 1749 2156 prodigia

369 2183 396 2226 ¹)
422 2181 494 2217 Sed
536 2183 734 2227 propterea
780 2182 899 2228 operis
941 2182 1089 2218 titulum
1131 2183 1244 2218 fuisse
1288 2183 1496 2226 „Annales“
1539 2183 1650 2228 plane
1692 2186 1749 2220 est

269 2240 463 2277 incertum.
514 2240 552 2277 Si
578 2252 741 2287 unquam
768 2244 939 2278 accurate
966 2241 1163 2277 discrimen
1188 2242 1286 2277 inter
1310 2241 1476 2277 Annales
1505 2244 1541 2278 et
1564 2242 1746 2278 Historias

269 2299 409 2335 factum
435 2303 510 2346 est,
547 2299 667 2336 medio
706 2300 822 2336 altero
854 2312 889 2347 p.
918 2300 1002 2337 Chr.
1035 2313 1070 2335 n.
1109 2300 1256 2336 saeculo
1282 2300 1378 2336 hanc
1403 2300 1649 2336 differentiam
1673 2301 1747 2336 iam

270 2370 344 2394 non
368 2358 482 2394 fuisse
508 2358 672 2395 ostendit
699 2358 839 2395 Gellius
867 2359 971 2396 Noct.
998 2360 1075 2396 Att.
1102 2359 1145 2405 V,
1174 2361 1234 2405 18,
1261 2360 1323 2406 qui
1350 2360 1515 2395 diversas
1544 2360 1588 2396 de
1614 2361 1682 2396 hac
1707 2371 1747 2396 re

273 2417 383 2454 affert
407 2418 623 2454 sententias.

365 2478 390 2522 ²)
418 2477 649 2524 Quamquam
686 2477 961 2513 concedendum
1000 2480 1056 2514 est
1093 2479 1310 2523 scriptorem
1348 2489 1422 2513 non
1461 2478 1584 2513 omnia
1616 2478 1745 2513 eadem

271 2547 355 2572 cum
379 2536 576 2572 verborum
603 2537 708 2582 copia
732 2538 958 2583 narravisse,
996 2539 1121 2573 tamen
1152 2548 1226 2573 non
1252 2548 1332 2573 cum
1358 2536 1588 2572 Franckenio
1614 2549 1650 2583 p.
1677 2539 1744 2574 246

269 2596 394 2641 putari
412 2595 522 2631 debet
541 2606 624 2631 eum
642 2595 830 2632 interdum
849 2595 1089 2639 „festinanter
1108 2597 1253 2632 totius
1280 2597 1366 2631 anni
1390 2608 1450 2632 res
1469 2598 1591 2642 gestas
1610 2596 1744 2632 verbo

270 2654 471 2699 tetigisse“.
506 2654 660 2700 Semper
689 2665 813 2690 rerum
838 2654 1036 2700 descriptio
1062 2655 1152 2691 satis
1182 2656 1330 2701 copiosa
1355 2658 1420 2690 est.
1466 2655 1537 2690 Illa
1561 2655 1747 2690 sententia

270 2713 401 2749 nititur
425 2713 487 2749 fol.
513 2713 543 2748 V
568 2725 605 2758 r,
642 2713 706 2749 ubi
737 2724 826 2749 sane
851 2713 1063 2749 Licinianus
1091 2726 1157 2760 per
1181 2716 1345 2750 saturam
1370 2714 1551 2760 quaedam
1579 2725 1624 2749 ex
1649 2724 1743 2749 com-

268 2771 437 2816 pluribus
463 2772 570 2808 annis
597 2773 798 2817 congessit3
838 2772 903 2808 sed
939 2772 1034 2808 hanc
1075 2784 1153 2808 rem
1190 2773 1403 2809 videbamus
1432 2783 1543 2819 posse
1569 2772 1744 2818 explicari

273 2829 332 2875 (cf.
359 2841 438 2876 cap.
465 2830 535 2877 lv).
