2066 3448
1005 377 1296 418 —56—

408 505 553 541 frustra
581 503 686 540 missi
706 506 806 548 sunt,
836 502 1050 550 narratis1)
1080 502 1303 540 Licinianus
1331 503 1473 541 transit
1494 504 1541 542 ad
1560 503 1714 542 uberius
1733 503 1874 541 descri-

407 568 567 606 bendam
583 568 902 615 oppugnationem
915 566 1092 605 Janiculi.
1113 567 1273 604 Accedit
1288 567 1336 605 ad
1351 567 1599 615 supplendam
1615 569 1875 606 narrationem

406 633 478 670 hoc
507 643 653 679 quoque
681 632 764 669 loco
785 632 986 679 Appianus
1015 643 1045 669 c.
1078 631 1184 680 68.2)
1216 632 1316 679 apud
1346 643 1453 679 quem
1473 632 1635 680 legimus
1655 633 1875 671 Janiculum

407 708 429 734 a
457 696 641 734 Marianis
670 696 886 743 proditione
916 699 1067 743 captum
1096 706 1195 733 esse:
1227 696 1396 743 Appium
1425 695 1627 734 Claudium
1657 698 1755 735 enim
1783 699 1878 736 trib.

406 761 624 809 militum,³)
653 761 717 807 qui
746 760 928 798 Janicnlo
959 764 1160 808 praeerat.
1191 764 1234 797 ut
1261 761 1385 798 Mario
1415 761 1588 799 beneficii
1615 763 1742 800 nescio
1772 763 1880 800 cuius

405 825 572 873 gratiam
599 825 775 872 referret,
806 826 840 863 ei
870 829 1001 872 portas
1031 825 1242 873 aperuisse;
1271 825 1434 863 Marium
1463 830 1545 863 tum
1574 827 1687 864 etiam
1717 826 1876 865 Cinnam

407 900 489 928 cum
525 890 695 928 exercitu
729 891 769 927 in
806 891 935 927 urbem
965 891 1165 938 recepisse.
1222 890 1335 928 Hanc
1363 890 1592 938 proditionis
1620 893 1877 930 narrationem

407 955 663 993 desideramus
693 954 793 1003 apud
822 955 1022 1002 Granium,
1069 956 1132 1002 qui
1167 956 1387 1002 ceteroquin
1417 956 1479 992 hic
1507 956 1588 993 fere
1615 967 1689 993 non
1717 959 1877 1004 praebet

407 1020 479 1057 nisi
521 1031 630 1058 nova.
688 1020 826 1057 Tradit
867 1020 965 1057 enim
995 1020 1193 1058 Octavium
1239 1032 1321 1058 cum
1366 1028 1499 1058 contra
1541 1021 1689 1065 hostes,
1734 1022 1797 1068 qui
1839 1022 1878 1059 in

405 1085 620 1123 Janiculum
648 1085 886 1132 irruperant,
931 1086 1158 1123 contendere
1193 1086 1324 1131 vellet,
1368 1097 1392 1123 a
1420 1086 1600 1133 Pompeio
1639 1087 1783 1123 auxilia
1811 1098 1879 1124 sex

408 1150 620 1187 cohortium
636 1150 838 1198 accepisse,
860 1150 899 1187 id
920 1150 1018 1196 quod
1038 1149 1194 1197 propius
1213 1149 1408 1187 illustrare
1428 1153 1556 1197 potest
1574 1152 1692 1188 verba
1711 1151 1880 1199 Appiani

407 1213 596 1265 Ὀκταβίου
640 1214 712 1253 καὶ
752 1214 981 1264 Πομπηίου
1019 1213 1298 1264 ἐπιδραμόντων.
1355 1214 1400 1252 In
1431 1226 1572 1262 pugna,
1603 1227 1699 1262 quae
1728 1217 1782 1253 ibi
1810 1227 1876 1253 ex-

406 1282 509 1327 arsit,
531 1280 677 1318 Granio
699 1286 852 1317 auctore
875 1280 1141 1328 ‘Mi[l]o[ni]us
1162 1280 1362 1327 occiditur,
1386 1282 1503 1318 ceteri
1523 1281 1880 1329 su[bmov]ent[ur],

407 1356 499 1392 quos
523 1345 723 1394 [s]ubsidio
745 1344 937 1393 Mi[lo]nio
957 1344 1150 1382 Sertorius
1178 1345 1349 1383 miserat.
1390 1344 1656 1394 [Cecid]erunt
1676 1345 1881 1383 OctaVIani

406 1409 552 1458 [sex]4)
582 1410 686 1447 milia
715 1413 753 1447 et
782 1414 938 1446 senator
966 1419 1061 1446 unus
1093 1409 1332 1458 [Aeb]utius,
1365 1410 1668 1448 adversariorum
1702 1411 1880 1459 [se]ptem

404 1475 534 1512 milia⁷.
589 1475 735 1512 Eodem
779 1475 840 1512 die
868 1474 1089 1511 Janiculum
1118 1478 1383 1523 recuperatum
1423 1480 1482 1512 est
1519 1477 1565 1512 ab
1595 1476 1881 1524 Octavianis,⁵)

505 1564 530 1607 1)
556 1562 625 1598 Hic
663 1562 799 1597 erravit
823 1562 1058 1597 Bienkowski
1083 1573 1117 1607 p.
1144 1564 1209 1607 41,
1248 1562 1311 1608 qui
1337 1561 1440 1598 dicit:
1483 1562 1549 1606 „de
1581 1562 1745 1608 foedere,
1784 1563 1880 1609 quod

407 1623 565 1668 utraque
591 1632 676 1667 pars
702 1621 796 1656 inire
822 1620 950 1664 voluit,
976 1622 1125 1666 praeter
1151 1620 1224 1656 Lic.
1253 1620 1406 1656 Orosius
1435 1632 1582 1667 quoque
1612 1622 1720 1666 egif‘.
1772 1621 1883 1668 Apud

407 1680 577 1717 Orosium
617 1680 712 1715 enim
751 1679 842 1715 talia
879 1691 952 1715 non
991 1682 1199 1715 occurrunt.
1228 1699 1270 1704 —
1298 1679 1492 1715 Francken
1532 1682 1655 1716 autem
1680 1692 1716 1726 p.
1742 1683 1810 1716 242
1836 1681 1885 1716 ad

405 1751 510 1775 suum
538 1739 735 1775 arbitrium
761 1739 847 1783 agit,
875 1749 956 1774 cum
984 1739 1080 1784 apud
1100 1738 1277 1774 Granium
1297 1738 1342 1774 de
1368 1739 1674 1774 clandestinis
1701 1739 1882 1786 Pompei

405 1799 451 1834 ad
471 1798 625 1835 Cinnam
651 1799 787 1842 cogitet
812 1798 1070 1842 legationibus.
1098 1818 1141 1822 —
1171 1798 1243 1833 Eae
1262 1798 1421 1844 denique
1441 1798 1659 1844 legationes,
1685 1799 1730 1834 de
1749 1799 1884 1845 quibus

404 1859 499 1904 App.
526 1858 554 1903 I,
574 1859 616 1893 69
644 1860 680 1893 et
705 1860 767 1902 70,
793 1857 890 1893 Plut.
916 1857 1005 1892 Mar.
1031 1858 1076 1892 43
1103 1857 1230 1900 (etiam
1255 1857 1362 1893 Diod.
1388 1858 1571 1893 XXXVIII
1597 1858 1639 1896 fr.
1674 1859 1707 1905 l)
1746 1858 1886 1904 dicunt,

404 1928 479 1953 non
505 1928 587 1953 cum
612 1916 755 1952 Pertzio
782 1917 840 1952 hic
864 1916 1119 1962 respiciendae
1146 1919 1249 1961 sunt,
1288 1927 1371 1952 cum
1405 1919 1441 1953 et
1464 1917 1680 1962 posterioris
1705 1917 1884 1963 temporis

405 1976 481 2012 sint
506 1979 543 2011 et
566 1987 590 2011 a
613 1975 689 2011 Lic.
716 1986 863 2022 quoque
888 1975 1094 2021 posteriore
1120 1975 1198 2010 loco
1226 1975 1274 2020 (p.
1302 1978 1347 2012 28
1374 1976 1418 2020 Β)
1445 1980 1789 2012 commemorentur.

500 2036 529 2081 ²)
553 2036 651 2081 App.
676 2046 705 2071 c.
725 2037 769 2071 68
786 2034 932 2079 (med.):
958 2034 1127 2070 Κλαύδιον
1155 2033 1189 2068 δὲ
1206 2032 1353 2068 Ἄππιον
1371 2031 1555 2082 χιλίαρχον,
1581 2035 1886 2082 τειχοφυλακοῦντα

405 2099 466 2140 τῆς
493 2094 632 2141 Ῥώμης
670 2093 725 2128 τὸν
753 2095 857 2141 λόφον
890 2093 946 2127 τὸν
985 2093 1187 2140 καλούμενον
1228 2093 1435 2139 Ἰάνουκλον,
1478 2093 1512 2128 εὖ
1539 2094 1618 2128 ποτὲ
1651 2094 1802 2128 παθόντα
1827 2094 1884 2142 ὑφ’

407 2152 524 2187 ἑαυτοῦ
549 2158 610 2200 τῆς
638 2149 823 2199 εὐεργεσίας
850 2152 1042 2198 ἀναμνήσας
1069 2152 1085 2187 ὁ
1114 2152 1243 2198 Μάριος
1271 2152 1304 2192 ἐς
1331 2153 1390 2200 τὴν
1418 2153 1512 2186 πόλιν
1540 2152 1683 2197 ἐσῆλθεν

1695 2182 1704 2199 ‚
1732 2152 1884 2199 ὐπανοιχ-

846 2207 877 2258 ,οἱ
904 2211 962 2257 ἕιυ,
987 2210 1039 2245 καί
1057 2211 1112 2245 τὸν
1133 2211 1252 2246 Κίνναν
1272 2211 1461 2257 ἐσεδέξατο,
1488 2211 1564 2245 ἀλλ’
1586 2211 1675 2246 οὗτοι
1694 2210 1751 2259 μὲν
1770 2210 1884 2246 αὐτ-ἀα

405 2211 525 2259 θείσης
552 2211 641 2258 αὐτῷ
668 2212 777 2258 πύλης
803 2224 841 2245 πε

407 2271 626 2318 ἐξεώσθησαν
644 2270 817 2317 Ὀκταβίου
844 2271 898 2305 καὶ
916 2269 1092 2318 Πομπηίου
1120 2270 1383 2317 ἐπιδραμόντων,
1409 2291 1452 2297 —
1480 2270 1575 2307 Plut.
1604 2281 1634 2307 e.
1653 2273 1697 2307 42
1723 2273 1886 2307 tantum-

407 2331 515 2367 modo
540 2342 619 2367 rem
643 2330 804 2366 breviter
821 2332 1098 2366 commemorat:
1124 2328 1206 2376 πρὸς
1226 2330 1285 2376 τὴν
1305 2330 1400 2364 πόλιν
1420 2330 1542 2376 ἐχώρει
1556 2329 1607 2364 καὶ
1624 2329 1661 2364 τὸ
1681 2330 1885 2377 καλούμενον

408 2390 596 2425 Ἰανοῦκλον
624 2390 700 2436 ὄρος
727 2391 940 2436 κατέσχεν.

501 2449 528 2494 3)
553 2449 610 2485 De
636 2460 707 2496 quo
735 2449 778 2485 cf.
804 2449 995 2485 Drumann
1020 2449 1055 2484 II
1080 2460 1113 2494 p.
1144 2450 1220 2493 182,
1239 2450 1295 2485 30.

504 2510 531 2553 ⁴)
563 2508 606 2544 In
633 2508 841 2554 supplendo
868 2508 936 2544 hoc
961 2519 1127 2553 numero,
1153 2509 1215 2555 qui
1240 2508 1278 2543 in
1303 2509 1407 2543 textu
1433 2508 1576 2551 excidit,
1604 2507 1710 2544 Pertz
1735 2519 1886 2554 prorsus

409 2567 504 2603 falso
530 2568 661 2603 nititur
686 2568 767 2603 loco
789 2567 971 2604 Orosiano
990 2568 1046 2612 (V,
1072 2569 1124 2612 19,
1147 2569 1215 2612 11),
1242 2567 1304 2613 qui
1329 2566 1544 2602 referendus
1572 2569 1629 2602 est
1645 2567 1689 2602 ad
1707 2568 1886 2613 proelium

408 2627 505 2663 inter
530 2627 732 2663 Sertorium
762 2630 799 2663 et
825 2626 1041 2672 Pompeium
1080 2626 1125 2662 ad
1163 2628 1308 2672 portam
1334 2625 1516 2661 Collinam
1549 2627 1800 2671 commissum,
1840 2626 1887 2662 de

411 2697 483 2732 quo
508 2686 581 2721 iam
607 2697 720 2732 supra
746 2686 920 2722 diximus.
970 2685 1101 2732 Itaque
1127 2696 1301 2721 numerus
1327 2685 1478 2720 minime
1505 2689 1625 2721 certus
1653 2688 1709 2721 est

511 2745 538 2788 5’)
565 2744 669 2788 Quod
697 2745 777 2781 edd.
797 2746 915 2781 Bonn.
940 2745 1010 2780 hoc
1035 2744 1115 2780 loco
1141 2744 1342 2780 restituunt
1367 2744 1514 2790 (‘potuit
1540 2745 1621 2790 capi
1641 2744 1885 2790 [Ja]niculum

407 2804 536 2840 eodem
562 2803 637 2849 die,
678 2804 795 2849 [nisi]
834 2803 1031 2850 Pompeius
1070 2804 1167 2840 ultra
1197 2803 1390 2840 Octavium
1428 2804 1602 2849 progredi
1640 2814 1772 2849 passus
1810 2814 1884 2839 non
