2066 3448
748 398 1041 438 —43-

154 525 214 559 tot
242 523 445 560 contrariis
472 524 757 563 narrationibus
786 526 919 564 confisi
948 536 1060 572 quam
1088 536 1150 562 res
1177 525 1215 562 in
1251 526 1469 565 universum
1506 526 1626 565 consi-

156 587 342 625 derantes.
398 587 585 634 Equidem
614 601 672 626 me
701 590 921 628 Drumanno
950 590 1134 627 adsentiri
1163 590 1358 628 confiteor.
1397 591 1494 628 Tum
1524 592 1626 629 enim

155 651 390 697 illustratur,
433 652 472 689 id
514 654 613 699 quod
656 655 755 692 Plut.
794 655 924 702 Pomp.
959 655 1007 691 14
1047 655 1186 699 tradit,
1226 655 1410 702 Pompeio
1453 656 1627 704 inprimis

153 717 346 754 obstitisse
373 717 417 755 P.
444 716 646 755 Servilium
667 718 832 764 Vatiam,
873 720 935 766 qui
963 730 1045 756 cum
1073 720 1205 756 consul
1233 720 1507 766 designatus
1535 721 1626 759 anni

155 781 230 819 675
259 782 345 830 (79)
370 786 481 827 esset,
510 783 654 829 primus
682 785 910 822 sententiam
946 795 1028 821 esse
1056 788 1215 831 rogatus
1243 785 1433 832 putandus
1453 789 1521 822 est.
1560 784 1625 823 Ad

153 847 251 883 hanc
291 851 417 883 autem
460 849 688 885 sententiam
732 849 874 896 optime
918 849 1107 895 quadrant
1149 849 1284 886 Granii
1326 851 1444 887 verba
1491 854 1622 887 ‘annos

159 915 272 948 natus
300 912 413 950 XXV
441 913 755 961 triumphavit'.¹)
786 935 829 940 -
862 912 1080 960 Sequuntur
1108 914 1209 961 apud
1243 913 1480 951 Licinianum
1508 927 1544 962 p.
1576 915 1624 952 38

153 976 193 1013 A
218 976 265 1013 14
286 987 366 1023 sqq.
417 976 598 1014 Murenae
624 978 836 1025 triumphus
856 989 902 1015 ex
922 978 1014 1015 Asia
1033 981 1071 1016 et
1091 979 1236 1016 Valerii
1254 977 1386 1016 Flacci
1413 980 1624 1027 triumphus

156 1052 202 1078 ex
222 1040 431 1079 Celtiberia
452 1047 490 1079 et
510 1041 642 1080 Gallia
660 1047 777 1089 actus,
799 1054 957 1089 quorum
978 1054 1096 1080 annus
1114 1054 1190 1080 non
1210 1047 1371 1088 constat,
1398 1044 1624 1091 praesertim

156 1116 241 1143 cum
289 1106 417 1144 Flacci
464 1107 676 1154 triumphus
718 1108 810 1144 alibi
850 1118 927 1145 11011
970 1113 1293 1145 commemoretur.
1357 1109 1449 1146 Cum
1496 1112 1622 1146 autem

154 1170 401 1208 Lucullorum
431 1172 623 1214 aedilitas,
670 1172 715 1209 de
749 1184 823 1218 qua
851 1173 1020 1219 proximo
1050 1184 1162 1210 versu
1192 1174 1336 1219 agitur,
1368 1185 1400 1210 a.
1433 1174 1507 1210 675
1537 1173 1623 1222 (79)

151 1235 269 1272 fuerit
296 1235 509 1283 (Drumann
540 1235 599 1274 IV
628 1248 662 1283 p.
697 1237 810 1285 123),
849 1237 997 1274 Linker
1025 1249 1153 1275 omnes
1181 1239 1248 1275 has
1275 1249 1336 1275 res
1365 1239 1497 1275 eodem
1526 1250 1623 1275 anno

152 1305 260 1338 actas
289 1311 371 1338 esse
399 1304 510 1348 putat
536 1312 610 1347 quo
640 1301 814 1348 Pompeii
844 1303 1084 1350 triumphum,
1115 1313 1212 1340 anno
1243 1303 1319 1340 675
1347 1302 1446 1351 (79).
1485 1303 1621 1349 Neque

152 1376 242 1402 vero
271 1365 538 1403 animadvertit
565 1366 668 1403 illam
698 1367 889 1411 lacunam,
926 1378 1021 1413 quae
1054 1368 1094 1404 in
1123 1369 1219 1404 actis
1246 1368 1524 1414 triumphorum
1553 1368 1621 1405 sub

152 1441 248 1467 anno
278 1431 353 1468 673
384 1430 469 1479 (81)
499 1434 566 1477 est,
597 1431 819 1477 explendam
850 1442 930 1469 esse
966 1432 1096 1478 idque,
1138 1436 1182 1469 ut
1210 1433 1522 1469 verisimillimum
1552 1436 1622 1477 est,

152 1495 342 1542 triumpho
370 1495 553 1532 Murenae
594 1496 810 1543 (Drumann
843 1495 903 1534 IV
938 1507 971 1542 p.
1009 1497 1080 1533 185
1110 1496 1194 1534 adn.
1227 1496 1274 1533 89
1305 1499 1344 1533 et
1372 1495 1413 1534 O.
1445 1498 1472 1534 I.
1503 1497 1548 1534 L.
1578 1497 1625 1534 12

151 1570 189 1606 p.
221 1560 271 1597 54
301 1565 338 1596 et
372 1560 476 1608 178).
518 1561 677 1597 Accedit
705 1561 803 1606 quod
831 1561 864 1597 si
891 1561 1103 1597 Linkerum
1131 1572 1386 1607 sequeremur,
1416 1573 1462 1599 ex
1489 1561 1625 1599 Granii

153 1624 280 1662 verbis
301 1629 431 1663 ‘annos
450 1628 563 1662 natus
579 1624 690 1663 XXV
707 1626 967 1672 triumphavit'
990 1630 1167 1663 accurate
1184 1626 1374 1673 perceptis
1393 1625 1623 1671 efficeretur,

151 1693 194 1726 ut
215 1690 380 1736 scriptor
397 1689 618 1737 Pompeium
641 1701 738 1727 anno
759 1690 834 1727 649
855 1690 967 1738 (105)
989 1695 1118 1727 natum
1139 1701 1221 1728 esse
1241 1694 1424 1728 censeret.
1477 1692 1623 1739 Quodsi

150 1753 375 1792 Licinianus
420 1754 604 1792 Murenae
657 1755 891 1802 triumphum
946 1756 1035 1792 anni
1081 1756 1157 1793 673
1204 1755 1291 1804 (81)
1339 1759 1424 1803 post
1469 1756 1624 1803 Pompei

151 1829 247 1856 311110
279 1819 355 1856 674
383 1819 470 1867 (80)
506 1825 630 1857 actum
673 1821 997 1864 commemoravit,
1041 1824 1108 1857 aut
1135 1820 1295 1868 Pompei
1337 1821 1531 1868 triumpho
1575 1822 1622 1859 de

152 1884 293 1921 ceteris
314 1885 443 1921 eodem
463 1884 543 1922 fere
563 1889 733 1931 tempore
754 1886 850 1922 actis
870 1885 1082 1923 admonitus
1103 1896 1185 1922 esse
1206 1889 1271 1922 aut
1297 1896 1343 1923 ex
1371 1897 1467 1924 novo
1498 1886 1622 1932 aliquo

150 1949 257 1986 fonte
286 1950 463 1996 neglecta
491 1954 703 1996 temporum
732 1951 880 1987 ratione
910 1961 973 1987 eos
1001 1950 1193 1987 addidisse
1220 1951 1383 1988 videtur.

255 2014 329 2051 Sed
358 2017 444 2051 utut
477 2026 537 2052 res
579 2026 618 2052 se
659 2016 792 2060 habet,
836 2017 907 2053 hoc
950 2015 1090 2063 elucet,
1137 2016 1169 2052 si
1205 2016 1330 2053 omnia
1359 2016 1625 2053 demonstrant

150 2078 375 2125 Pompeium
409 2091 442 2116 a.
481 2079 557 2116 674
587 2079 672 2128 (80)
716 2080 1027 2127 triumphavisse,
1071 2081 1313 2118 coniecturae
1356 2081 1441 2118 edd.
1484 2080 1623 2125 Bonn„

148 2154 260 2189 quam
288 2143 426 2190 accipit
455 2146 567 2182 etiam
593 2145 797 2182 Francken
827 2146 879 2192 (p.
911 2145 1002 2194 248)
1034 2145 1177 2182 nullum
1205 2146 1280 2182 iam
1310 2149 1460 2183 exstare
1489 2145 1624 2183 funda-

150 2212 330 2246 mentum.
395 2209 528 2255 Neque
581 2220 674 2256 opus
728 2214 786 2246 est
839 2210 998 2247 Linkeri
1050 2214 1315 2256 argumentum
1373 2210 1411 2247 in
1459 2210 1621 2247 medium

149 2273 334 2320 proferre,
364 2274 428 2320 qui
455 2274 622 2311 ostendit
650 2275 799 2312 etiamsi
819 2275 1040 2312 Licinianus
1068 2275 1302 2322 triumphum
1323 2286 1419 2312 anuo
1440 2276 1515 2312 673
1536 2275 1622 2324 (81)

148 2337 395 2385 vindicasset,
450 2343 579 2375 tamen
631 2338 805 2386 Pompeii
858 2340 1091 2386 triumphum
1143 2351 1239 2377 anno
1292 2340 1433 2377 aetatis
1478 2339 1622 2379 XXVI

244 2449 270 2492 ¹)
299 2447 392 2483 Livii
421 2450 640 2494 epitomator
679 2452 715 2484 et
740 2450 954 2494 Eutropius,
993 2450 1055 2495 qui
1092 2450 1381 2495 triumphantem
1407 2449 1621 2495 Pompeium

149 2505 264 2542 XXIV
288 2507 346 2542 vel
370 2507 489 2543 XXIII
526 2520 641 2544 annos
678 2510 805 2544 natum
845 2519 926 2544 esse
964 2509 1117 2544 tradunt
1154 2510 1241 2554 (nisi
1277 2509 1371 2545 forte
1407 2509 1553 2544 numeri
1583 2509 1623 2544 in

149 2565 336 2602 codicibus
362 2566 553 2611 depravati
577 2570 690 2612 sunt),
715 2569 753 2602 in
780 2579 940 2603 errorem
967 2568 1067 2604 ducti
1092 2579 1173 2604 esse
1199 2568 1288 2603 mihi
1313 2568 1495 2614 videntur,
1522 2568 1621 2614 quod

149 2625 269 2661 Ximl
310 2637 424 2661 annos
465 2628 574 2662 natus
615 2626 780 2662 Africam
828 2627 1053 2672 provinciam
1095 2627 1245 2672 accepit.
1311 2626 1389 2661 Iam
1429 2626 1621 2662 Drumann

150 2683 213 2729 (IV
239 2696 273 2730 p.
300 2686 383 2729 331)
409 2685 667 2730 suspicabatur
693 2686 829 2721 bellum
857 2697 939 2721 cum
965 2686 1124 2721 Domitio
1150 2685 1399 2721 Ahenobarbo
1430 2686 1470 2720 in
1494 2685 1620 2722 Africa

148 2743 351 2787 gerendum
388 2743 422 2779 ei
457 2754 531 2779 non
556 2743 681 2779 Sicilia
718 2744 865 2780 demum
903 2746 1113 2790 expugnata
1149 2744 1364 2780 mandatum
1401 2745 1466 2780 sed
1497 2746 1571 2780 iam
1596 2756 1618 2780 a

151 2801 329 2848 principio
356 2803 466 2848 (anno
493 2805 560 2840 672
587 2803 678 2849 [82])
705 2804 832 2839 ambas
857 2804 1064 2849 provincias
1091 2804 1125 2839 ei
1150 2804 1254 2839 datas
1281 2814 1371 2839 esse.
