2066 3448
738 385 1031 425 —27—

263 510 485 558 Cognomen
516 510 550 547 ei
578 510 695 548 fuisse
724 510 884 549 Chresto
916 510 1014 558 (Lic.
1045 510 1079 547 B
1110 510 1149 560 8)
1185 514 1353 548 testatur
1382 511 1497 549 etiam
1526 510 1630 561 App.

153 576 284 614 Mithr.
319 576 378 619 10,
409 575 587 613 Memnon
608 587 638 613 6.
662 577 723 621 30,
751 576 856 613 Just.
887 575 1122 621 XXXVIII,
1152 576 1189 623 5,
1212 577 1246 614 8.
1284 576 1416 623 Atque
1436 576 1472 614 in
1497 582 1633 616 senatu

151 642 327 679 Romano
355 640 590 688 disputatum
622 652 714 688 esse,
747 641 809 679 cui
836 651 999 687 regnum
1026 641 1236 688 Bithyniae
1266 641 1425 679 daretur
1455 642 1522 690 (cf.
1545 642 1628 680 Lic.
1692 661 1696 665 ·

151 705 187 743 B
219 706 266 743 10
295 716 379 752 sqq:
426 705 600 743 ‘Romam
643 705 691 743 ad
719 716 879 752 regnum
922 705 1175 753 expetendum
1219 706 1365 743 frustra
1406 706 1631 756 profectus')

153 774 315 818 apparet
344 771 458 808 etiam
488 782 534 808 ex
563 770 643 808 Cic.
673 771 719 808 de
748 774 847 809 orat.
867 770 944 815 III,
975 772 1037 815 61,
1060 772 1135 808 229
1158 774 1197 808 et
1216 782 1262 809 ex
1282 771 1475 810 Memnon.
1505 783 1536 810 c.
1570 773 1630 810 30.

150 835 216 873 Ab
244 836 316 873 hoc
345 836 495 882 quidem
524 836 749 873 Licinianus
777 836 815 873 in
844 846 890 873 ea
924 847 967 873 re
1003 835 1142 879 differt,
1186 836 1286 882 quod
1315 836 1537 875 Nicomedis
1565 837 1633 875 III

149 901 284 946 matri,
327 912 440 948 quam
469 901 646 939 Memnon
687 900 859 948 appellat
886 900 1051 948 Nysam,
1095 912 1231 939 nomen
1274 902 1341 939 dat
1381 901 1632 940 Aristonicae

151 965 204 1015 (A
233 965 350 1015 10).1)
407 965 564 1011 Cetera,
609 977 705 1012 quae
747 965 868 1002 tradit
895 965 1139 1013 Licinianus,
1184 977 1269 1004 cum
1313 967 1404 1004 alibi
1446 977 1633 1014 nusquam

151 1034 376 1076 occurrant,
424 1041 745 1078 supervacaneum
791 1034 920 1078 potest
965 1030 1090 1068 videri
1135 1031 1281 1069 fontem
1319 1033 1400 1070 eius
1438 1042 1633 1078 quaerere.

149 1095 226 1133 Sed
253 1096 286 1134 si
319 1096 437 1134 totius
479 1095 684 1143 fragmenti
726 1099 898 1133 tenorem
938 1095 1123 1143 respicias
1166 1096 1477 1143 consideresque,
1521 1107 1634 1143 quam

149 1161 303 1208 copiose
350 1161 476 1198 omnia
521 1160 778 1208 explicentur,
832 1171 942 1207 quam
996 1164 1175 1198 accurate
1222 1161 1376 1198 nomina
1423 1161 1633 1198 afferantur

149 1226 211 1263 vel
263 1237 410 1270 eorum,
465 1237 557 1272 quos
609 1230 652 1263 ut
697 1226 917 1264 Nicomedis
963 1226 1000 1263 II
1054 1226 1301 1263 concubinam
1355 1226 1454 1263 scire
1507 1226 1633 1263 minus

153 1291 358 1336 intererat,
391 1291 504 1329 facile
537 1291 721 1328 concedas
750 1291 812 1328 hic
853 1301 1001 1337 quoque
1043 1291 1227 1338 optimum
1256 1294 1370 1337 atque
1399 1291 1632 1328 uberrimum

149 1356 293 1393 fontem
330 1355 522 1394 Graecum
559 1356 738 1403 scriptori
777 1359 866 1393 ante
911 1356 1039 1393 oculos
1083 1356 1218 1403 fuisse,
1267 1356 1499 1403 praesertim
1547 1367 1631 1393 611111

149 1421 225 1458 iam
272 1425 388 1458 antea
434 1422 541 1458 nobis
589 1421 889 1468 persuaserimus
941 1421 980 1458 in
1031 1421 1144 1459 rebus
1189 1420 1358 1468 Syriacis
1411 1421 1633 1458 enarrandis

151 1497 238 1523 eum
269 1485 462 1524 Graecum
492 1491 686 1524 auctorem
729 1498 811 1525 esse
853 1492 1036 1525 secutum.
1094 1487 1194 1525 Nam
1237 1498 1347 1533 quem
1376 1488 1631 1525 Romanorum

150 1552 378 1599 scriptorum
424 1552 654 1590 domesticae
695 1552 786 1589 illae
827 1563 888 1589 res
924 1552 1155 1600 Bithynicae
1197 1555 1377 1600 poterant
1411 1552 1631 1590 delectare⁶.>

149 1616 235 1654 Iam
265 1617 390 1654 Klebs
423 1617 493 1661 „de
522 1618 772 1664 scriptoribus
800 1618 940 1655 aetatis
967 1617 1171 1655 Sullanae“
1203 1629 1238 1665 p.
1271 1618 1293 1654 6
1324 1617 1486 1663 dubitat,
1519 1627 1631 1661 „num

147 1681 281 1719 Livius
309 1682 532 1727 tradiderit,
563 1693 658 1729 quae
688 1694 723 1729 p.
757 1683 804 1720 37
835 1683 1119 1721 eontinentur“.
1176 1683 1311 1729 Neque
1349 1683 1631 1729 neglegendum

148 1750 207 1784 est
225 1747 380 1784 Livium
409 1751 666 1794 temporum
695 1748 884 1785 rationem
914 1751 1085 1785 secutum
1113 1759 1177 1785 res
1196 1747 1424 1795 Bithynicas
1452 1748 1492 1785 in
1521 1748 1630 1785 libris

154 1812 204 1849 74
235 1815 272 1849 et
303 1812 352 1849 76
367 1812 409 1861 2),
439 1823 571 1859 pacem
591 1813 768 1850 Dardani
788 1813 926 1851 factam
950 1813 990 1850 in
1011 1814 1073 1851 83.
1105 1813 1252 1851 demum
1271 1813 1371 1851 libro
1400 1814 1630 1857 narravisse,

150 1876 393 1915 Licinianum
435 1881 563 1915 autem
607 1879 798 1925 descripto
828 1879 927 1916 bello
958 1878 1231 1916 Mithradatico
1260 1889 1461 1916 recurrere
1492 1879 1540 1916 ad
1569 1889 1631 1916 res

148 1942 305 1989 priores.
349 1942 486 1989 Itaque
511 1943 582 1980 hoc
602 1954 751 1990 quoque
771 1954 926 1991 prorsus
946 1948 1094 1991 pugnat
1113 1955 1196 1981 cum
1218 1944 1406 1990 Madvigii
1426 1944 1627 1990 sententia,

153 2007 218 2053 qui
244 2007 439 2045 Liciniani
467 2008 666 2046 historiam
696 2008 891 2046 existimat
919 2019 1000 2046 esse
1020 2009 1212 2056 epitomen
1231 2009 1444 2046 Livianam.
1484 2009 1629 2046 Eodem

147 2071 360 2118 fragmento
389 2073 581 2110 refellitur
610 2073 691 2112 edd.
721 2073 844 2112 Bonn.
876 2074 1025 2121 opinio,
1068 2074 1133 2120 qui
1161 2074 1397 2120 fragmenta,
1435 2085 1531 2121 quae
1561 2085 1630 2112 nos

152 2136 346 2184 habemus,
378 2148 454 2175 non
483 2139 602 2186 ipsius
632 2150 714 2176 esse
740 2139 945 2183 Liciniani,
976 2139 1042 2176 sed
1071 2150 1117 2176 ex
1147 2139 1228 2176 eius
1256 2139 1418 2176 historia
1446 2142 1630 2186 excerpta

147 2202 348 2247 putabant.
411 2203 530 2250 Quam
575 2208 754 2242 accurate
796 2205 1021 2252 copioseque
1064 2204 1292 2242 censendum
1336 2207 1438 2242 esset
1482 2205 1630 2252 „ipsum

147 2266 414 2307 Licinianum“
445 2269 514 2306 has
534 2280 595 2307 res
614 2269 832 2316 tradidisse,
862 2270 896 2307 si
915 2270 988 2308 hoc
1006 2268 1262 2316 fragmentum
1285 2274 1385 2308 esset
1404 2274 1628 2318 excerptum

243 2369 270 2413 1)
296 2368 406 2414 Apud
432 2368 506 2403 Lic.
535 2369 580 2414 (B
610 2369 644 2414 1)
672 2369 881 2404 Nicomedis
908 2368 962 2404 III
1000 2379 1111 2404 uxor
1147 2368 1357 2414 appellatur
1388 2368 1493 2414 Nysa
1524 2369 1629 2404 Aria-

147 2427 265 2463 rathis
292 2426 554 2473 Cappadocum
577 2429 676 2473 regis
702 2428 790 2464 filia.
840 2427 946 2463 Pertz
972 2439 1006 2473 p.
1033 2430 1078 2464 42
1111 2428 1213 2471 adn.,
1251 2427 1446 2463 Francken
1484 2439 1519 2473 p.
1547 2430 1626 2472 259,

148 2486 313 2522 Reinach
344 2498 380 2532 p.
413 2489 481 2523 314
519 2486 603 2522 adn.
643 2490 663 2524 5
702 2488 918 2533 comparant
944 2486 1031 2523 Sall.
1071 2487 1166 2523 Hist.
1206 2486 1272 2532 IV,
1303 2489 1362 2532 19,
1382 2490 1401 2523 9
1429 2487 1483 2523 ed.
1524 2486 1628 2522 Kritz

149 2547 209 2591 (=
235 2545 295 2590 IV,
313 2548 370 2590 69,
389 2548 408 2581 9
447 2545 503 2581 ed.
543 2546 880 2592 Maurenbrecher).
943 2545 1017 2582 Sed
1042 2545 1169 2582 dubito
1195 2557 1253 2592 an,
1288 2557 1400 2592 quam
1426 2546 1626 2582 Sallustius

147 2605 323 2651 appellat,
347 2604 451 2650 Nysa
477 2605 626 2651 quarti
651 2606 863 2642 Nicomedis
889 2605 999 2641 fuerit
1024 2617 1127 2641 uxor.
1155 2605 1206 2641 Cf.
1233 2605 1299 2641 Ed.
1325 2605 1451 2651 Meyer
1471 2605 1625 2649 „Gesch

147 2664 183 2700 d.
209 2663 452 2709 Konigreichs
479 2664 638 2700 Pontos“
667 2665 781 2711 (Lips.
812 2668 916 2707 1879)
942 2676 978 2710 p.
1005 2668 1048 2701 97
1076 2664 1161 2700 adn.

246 2724 274 2768 2)
301 2723 374 2759 Ubi
399 2724 591 2769 probabile
618 2727 675 2760 est
698 2726 738 2760 in
763 2725 950 2761 codicibus
976 2725 1287 2770 permutationem
1314 2736 1395 2761 csse
1420 2723 1555 2760 factam
1581 2724 1628 2761 cl.

149 2781 311 2818 Reinach
338 2783 363 2819 l.
390 2794 419 2819 6.
444 2794 479 2828 p.
510 2786 574 2819 109
602 2784 686 2819 adn.
714 2787 745 2821 2.
