2066 3448
768 422 1057 462 —51—

177 559 270 593 esse,
312 559 424 595 quam
460 548 507 586 ad
536 548 854 595 comprobandam
883 551 959 584 tum
1000 547 1197 596 (postea)
1234 546 1428 584 oraculum
1459 545 1509 582 sit
1538 555 1650 581 exco-

176 614 351 660 gitatum.
408 614 490 660 Qua
519 624 602 650 cum
633 612 889 660 explicatione
918 612 1105 656 convenit,
1136 611 1235 657 quod
1262 610 1422 648 Cinnam
1452 610 1648 647 consulatu

176 682 361 716 remotum
392 682 430 715 et
459 689 504 715 ex
533 678 626 715 urbe
666 678 861 725 expulsum
899 688 980 714 esse
1015 688 1090 714 non
1131 677 1192 713 hic
1235 680 1425 719 narratur,
1468 675 1534 712 sed
1575 674 1649 711 iam

176 747 290 781 antea
316 743 385 780 has
412 754 474 780 res
503 747 817 781 commemoratas
845 742 962 779 fuisse
992 741 1218 778 censendum
1248 740 1360 787 est.1)

316 808 546 846 Omittamus
566 808 613 845 ad
629 812 776 854 tempus
794 811 1013 853 sequentem
1028 806 1255 853 particulam
1273 806 1324 853 (p.
1343 806 1392 842 22
1409 805 1445 841 A
1466 803 1647 851 10-20),

177 884 272 919 quae
308 874 476 911 continet
512 873 721 920 auspicium
758 872 883 909 Mario
928 871 1136 918 ‘superiore
1180 871 1279 908 casu'
1324 870 1347 907 i.
1382 881 1413 906 e.
1444 868 1650 905 Minturnis

177 938 358 983 oblatum,
404 938 504 985 quod
546 939 618 975 hoc
660 938 741 974 loco
786 937 1083 983 perpetuitatem
1126 935 1358 973 narrationis
1391 933 1648 980 interrumpit,

176 1006 292 1049 atque
320 1003 451 1040 statim
481 1002 753 1049 aggrediamur
780 1001 830 1038 ad
858 1013 918 1038 res
948 1001 1161 1048 historicas.

293 1068 349 1105 De
379 1068 507 1105 reditu
529 1067 644 1104 Marii
675 1067 815 1113 optime
845 1066 1021 1103 convenit
1050 1067 1151 1102 inter
1172 1065 1409 1102 Licinianum
1440 1068 1478 1100 et
1496 1062 1652 1100 Plutar—

176 1132 285 1169 chum
315 1133 622 1180 Appianumque.
681 1131 889 1178 Compares
918 1131 1030 1168 velim
1060 1131 1171 1167 haec:

484 1226 574 1263 Lic.
913 1218 915 1304 Ῑ
1163 1223 1282 1261 Plut.
1314 1234 1344 1260 c.
1375 1224 1437 1260 41.

228 1291 268 1328 Is
297 1302 389 1338 ergo
410 1302 504 1328 cum
536 1291 662 1328 mille
683 1290 878 1327 circiter

176 1356 422 1404 Num[id]is
465 1355 684 1393 collectis
714 1355 761 1391 ad
789 1354 877 1392 Cin·
953 1351 1244 1403 Μαυρουσίων
1300 1351 1418 1393 τινὰς
1464 1350 1649 1390 ἱππότας

1006 1288 1066 1326 καὶ
1094 1287 1311 1337 παραλαβὼν
1341 1287 1383 1325 ἐκ
1426 1289 1488 1335 τῆς
1517 1284 1652 1335 Λιβύης

273 1503 298 1547 ¹)
324 1501 548 1547 Antiquitati
574 1500 760 1536 studuisse
786 1499 1016 1534 Licinianum
1047 1500 1232 1534 testantur
1263 1497 1375 1532 verba
1412 1497 1521 1542 ‘quod
1558 1507 1650 1531 nun-

178 1572 288 1606 quam
313 1561 429 1606 alias’,
461 1560 594 1606 quibus
627 1559 862 1594 confirmatur
888 1568 1075 1603 nunquam
1101 1558 1210 1592 antea
1236 1556 1497 1601 Sibyllinorum
1524 1566 1648 1590 oracu—

176 1621 295 1655 lorum
331 1620 443 1655 verba
480 1630 502 1655 a
539 1620 670 1654 senatu
707 1617 940 1663 promulgata
979 1627 1069 1651 esse.
1121 1615 1222 1658 Quae
1257 1626 1320 1650 cur
1344 1615 1446 1650 Diels
1481 1613 1647 1659 (‚,Sibyll.

177 1679 340 1715 Blatter“
369 1690 402 1724 p.
434 1680 473 1714 17
501 1678 598 1717 adn.)
624 1688 698 1712 non
725 1668 771 1711 ad
798 1677 948 1711 verbum
973 1674 1251 1720 interpretanda
1277 1685 1358 1709 esse
1384 1676 1543 1715 censeat,
1574 1683 1648 1708 non

175 1737 361 1782 intellego.
411 1736 690 1772 Demonstravit
709 1736 856 1781 quidem
875 1734 1118 1779 complurium
1135 1733 1400 1778 Sibyllinorum
1419 1732 1647 1767 oraculorum

175 1797 298 1841 verba,
325 1807 420 1842 quae
446 1794 664 1831 occultanda
690 1796 796 1829 erant
821 1793 878 1836 (cf.
905 1793 1006 1828 Diels
1034 1804 1068 1838 p.
1094 1794 1143 1837 6),
1167 1793 1241 1827 iam
1267 1792 1407 1837 pridem
1432 1792 1471 1826 in
1497 1791 1647 1826 annales

175 1855 370 1900 irrepsisse
407 1865 528 1899 neque
567 1853 763 1898 quisquam
800 1852 952 1886 infitiari
994 1851 1145 1886 audebit
1186 1852 1270 1895 post
1311 1849 1648 1895 splendidissimam

175 1913 306 1949 Dielsii
342 1913 700 1958 argumentationem
738 1911 926 1946 oraculum
964 1922 986 1946 a
1023 1910 1227 1954 Phlegonte
1266 1909 1408 1949 (Mirab.
1445 1920 1474 1944 c.
1507 1910 1564 1953 10)
1601 1908 1649 1943 ad

177 1983 313 2008 annum
340 1974 407 2008 629
436 1973 530 2016 (125)
567 1971 744 2006 traditum
777 1971 977 2015 genuinum
1004 1980 1095 2004 esse.
1143 1969 1194 2004 At
1225 1970 1426 2004 senatum
1456 1967 1520 2003 illo
1552 1978 1648 2002 anno

177 2031 366 2067 oraculum
391 2030 646 2075 promulgasse
673 2040 792 2075 neque
818 2031 940 2074 potest
963 2028 1210 2063 demonstrari
1226 2038 1346 2073 neque
1364 2026 1561 2062 verisimile
1579 2027 1647 2070 est,

176 2102 258 2127 cum
284 2090 495 2126 Licinianus
522 2089 725 2125 clarissime
758 2088 856 2123 dicat
886 2088 955 2123 hoc
986 2088 1142 2132 primum
1181 2098 1276 2121 anno
1303 2088 1369 2122 667
1398 2088 1473 2130 (87)
1510 2084 1646 2120 factum

177 2161 269 2186 esse.
318 2149 421 2184 Diels
447 2150 527 2194 ipse
552 2149 600 2193 (p.
628 2150 647 2182 7
676 2150 712 2183 et
738 2150 796 2190 20)
830 2147 996 2182 concedit
1022 2146 1129 2181 aliter
1155 2156 1300 2192 quoque
1326 2145 1472 2189 singula
1499 2143 1646 2179 oracula

176 2209 358 2255 Sibyllina
382 2208 541 2243 describi
566 2207 748 2252 potuisse:
787 2206 857 2241 Per
888 2205 1135 2241 decemvirum
1161 2204 1345 2250 quendam
1369 2202 1642 2248 imprudentem

177 2269 286 2304 etiam
314 2267 503 2303 oraculum
526 2266 620 2302 illud
646 2266 732 2301 anni
759 2267 826 2301 629
854 2266 949 2309 (125)
986 2263 1190 2309 putandum
1222 2265 1278 2298 est
1308 2264 1346 2297 in
1377 2262 1516 2298 fontem
1541 2261 1647 2297 Phle-

178 2327 312 2373 gontis,
339 2337 448 2373 quem
465 2326 567 2361 Diels
588 2325 797 2370 suspicatur
814 2324 927 2359 fuisse
947 2323 1192 2365 Posidonium,
1219 2322 1277 2357 vel
1296 2322 1341 2356 ad
1359 2322 1437 2356 eius
1456 2323 1645 2356 auctorem

175 2386 400 2432 pervenisse.
450 2385 588 2429 Quodsi
615 2384 763 2420 Cassius
789 2383 858 2418 Dio
875 2382 1034 2425 XXXIX,
1064 2383 1116 2426 15,
1143 2383 1163 2416 2
1190 2381 1250 2423 (de
1278 2391 1349 2426 quo
1375 2380 1455 2415 loco
1481 2379 1524 2414 cf.
1543 2379 1645 2414 Diels

176 2457 211 2492 p.
233 2448 275 2481 16
293 2445 377 2481 adn.
394 2448 416 2481 4
435 2447 471 2480 et
489 2445 527 2481 C.
546 2444 758 2480 Alexandre
780 2442 904 2486 „Orac
920 2441 1120 2487 Sibyllina“
1139 2440 1185 2484 H,
1203 2439 1306 2474 Paris
1325 2441 1424 2483 1856,
1443 2450 1477 2483 p.
1493 2440 1560 2473 214
1574 2438 1644 2483 sq.)

176 2506 216 2540 in
241 2504 446 2540 enarrando
470 2503 534 2539 illo
563 2503 709 2539 oraculo
734 2502 779 2537 de
796 2500 979 2546 Aegyptio
996 2510 1084 2544 rege
1102 2510 1184 2534 cum
1202 2499 1315 2543 copiis
1334 2508 1407 2533 non
1424 2496 1649 2541 reducendo,

178 2564 275 2611 quod
301 2575 333 2600 a.
359 2564 427 2599 698
444 2563 519 2607 (56)
540 2562 578 2599 C.
599 2562 688 2598 Cato
706 2561 790 2597 trib.
810 2560 859 2605 pl.
878 2559 1101 2594 decemviros
1119 2559 1158 2592 in
1175 2557 1346 2592 contione
1362 2558 1485 2602 palam
1504 2555 1648 2590 edicere

177 2625 281 2659 ante
308 2624 457 2658 senatus
485 2623 706 2658 sententiam
731 2620 861 2664 coegit,
886 2620 1045 2654 testatur
1071 2629 1120 2652 ex
1147 2620 1329 2652 senatus
1357 2615 1565 2651 consulto
1593 2613 1646 2650 Si-

177 2683 318 2729 byllina
355 2682 517 2717 carmina
553 2681 702 2716 licuisse
739 2679 921 2721 nuntiare,
961 2679 1085 2712 tamen
1115 2678 1203 2721 puto
1235 2675 1304 2710 hoc
1335 2675 1442 2710 facile
1474 2674 1646 2718 coniungi

176 2753 286 2788 posse
312 2752 393 2777 cum
419 2740 599 2776 Liciniani
624 2738 757 2774 verbis.
808 2737 906 2772 Fieri
936 2736 1033 2771 enim
1064 2737 1199 2780 potest⁷
1236 2736 1277 2769 ut
1313 2734 1372 2769 hic
1408 2744 1498 2777 mos,
1538 2743 1643 2779 quem

177 2802 246 2837 Dio
273 2800 545 2843 commemorat,
570 2798 655 2833 inde
681 2798 828 2833 demum
854 2795 899 2830 ab
926 2806 957 2830 a.
985 2796 1051 2830 667
1080 2795 1150 2839 (δῖ)
1178 2795 1279 2829 ortus
1306 2793 1364 2828 sit.

1392 2863 1435 2898 4*
