2066 3448
883 429 1173 469 ..94-

282 553 574 600 discrepantiam
594 552 696 590 inter
717 551 997 599 Obsequentem
1018 557 1056 590 et
1074 553 1508 593 Orosium-Licinianum
1534 565 1615 593 esse
1635 557 1754 600 negat

283 622 322 656 et
350 618 467 655 verba
496 618 635 655 ‘sidere
665 617 819 655 afflatus
839 618 998 655 interiit’
1028 619 1305 666 interpretatur
1323 619 1544 670 παραλυθεὶς
1563 619 1752 658 ἀπέθανεν.

387 683 495 731 Quae
525 683 698 729 quamvis
726 683 849 730 primo
871 683 1007 721 obtutu
1027 684 1231 731 perspicua
1248 683 1462 731 videantur,
1493 688 1621 722 tamen
1642 685 1755 733 plane

287 751 393 786 certa
421 758 496 784 non
525 752 624 786 sunt.
681 748 782 786 Nam
811 748 938 785 Klebs
967 748 1119 786 silentio
1148 749 1335 796 praeterit
1362 748 1485 786 locum
1515 748 1755 795 Orosianum‚

285 822 358 859 quo
387 813 543 850 verbum
574 812 767 850 ‘siderata'
798 813 1014 850 necessario
1044 813 1093 850 ad
1121 813 1382 861 pestilentiam
1410 813 1650 851 referendum
1672 824 1755 851 esse

284 878 361 915 iam
390 889 506 926 supra
535 877 960 925 commemoravimus.¹)
1017 877 1090 916 Sed
1133 878 1213 926 ipse
1254 878 1361 916 locus
1389 877 1596 916 Orosianus
1625 889 1756 916 ansam

285 942 394 980 nobis
423 943 582 991 praebet
610 942 699 980 nodi
729 942 970 989 expediendi:
1006 943 1118 981 Licet
1146 943 1245 981 enim
1275 943 1446 981 conicere
1474 943 1593 981 verba
1622 943 1757 981 ‘sidere

289 1007 452 1046 afflatus'
482 1007 584 1056 apud
613 1007 892 1054 Obsequentem
923 1007 969 1044 de
998 1007 1178 1055 Pompeio
1209 1007 1312 1045 dicta
1340 1007 1608 1054 neglegentiae
1636 1008 1757 1056 epito-

284 1073 460 1118 matoris,
491 1084 601 1120 quem
630 1072 853 1120 Obsequens
883 1076 1038 1110 secutus
1067 1077 1136 1118 est,
1167 1073 1412 1111 attribuenda
1440 1084 1542 1118 esse,
1573 1073 1757 1121 epitoma-

284 1143 407 1176 torem
449 1138 547 1176 enim
590 1149 671 1176 eam
713 1149 861 1183 vocem,
905 1149 980 1185 qua
1022 1138 1155 1176 Livius
1197 1139 1257 1187 (ut
1284 1149 1330 1175 ex
1360 1137 1496 1176 Orosio
1526 1148 1757 1185 cognoscere

284 1202 498 1253 possumus)
541 1203 586 1241 de
628 1203 866 1241 militibus
908 1203 1129 1251 pestilentia
1169 1204 1381 1251 absumptis
1423 1214 1511 1241 usus
1547 1207 1617 1249 est,
1659 1201 1756 1240 falso

286 1269 530 1306 transtulisse
560 1268 608 1306 ad
636 1268 899 1317 Pompeium
927 1267 1258 1317 Strabonem.²)

380 1417 408 1458 1)
434 1416 689 1452 Pestilentiam
708 1418 832 1452 autem
850 1426 935 1452 cum
953 1414 1117 1461 paralysi
1135 1416 1367 1451 coniunctam
1385 1425 1548 1462 unquam
1565 1424 1757 1450 occurrere

285 1478 424 1521 negant
448 1476 594 1512 medici.

381 1535 409 1579 2)
437 1534 678 1571 Observanda
715 1535 827 1570 etiam
866 1536 954 1570 sunt
977 1534 1091 1570 verba
1115 1534 1297 1570 Liciniani
1323 1538 1372 1580 (p.
1400 1537 1442 1571 26
1468 1534 1497 1570 Β
1524 1533 1600 1579 fin.)
1625 1534 1758 1569 ‘minus

286 1594 430 1630 validus
456 1605 539 1630 cum
564 1595 603 1630 in
628 1594 723 1630 lecto
749 1594 1008 1640 decumberet’‚
1047 1594 1180 1640 quibus
1206 1593 1402 1640 Pompeius
1440 1593 1599 1630 traditur
1630 1593 1758 1629 morbo

286 1653 411 1700 aliquo
437 1655 626 1700 correptus
654 1665 747 1700 esse,
774 1665 856 1690 cum
881 1653 1034 1689 fulmine
1060 1652 1205 1689 afflatus
1233 1655 1299 1690 est.

742 1915 1303 1980 —fflss

546 2852 1495 2870 uuuuuuuuuuuuuuuuuuuuuuuuuuuuuuuuuuuuuuuuuuuuuuuuuuuuuuuuuuuuuuuuuuuuuuuuu
