2066 3448
759 372 1053 412 *17—

167 497 272 535 niani
299 508 382 534 cum
404 497 566 544 Polybio
599 509 801 536 consensus
821 510 843 535 a
862 498 974 536 Livio
1004 498 1235 545 repetendus
1263 497 1324 544 sit,
1357 497 1420 535 hic
1447 498 1554 536 locus
1573 509 1649 536 non

168 563 327 609 praebet
356 573 487 600 ansam
515 563 627 601 huius
657 564 844 610 opinionis
874 562 1174 610 redarguendae.
1188 563 1221 611 ¹)

272 625 347 664 Sed
389 627 671 665 consideremus
713 628 831 666 verba
875 630 1088 672 ‘asturcone
1130 638 1306 674 pompam
1348 625 1530 673 regebat'.
1598 627 1646 665 In

167 690 272 728 fonte
290 691 483 729 Liciniani
513 704 635 730 sermo
665 693 783 730 fuisse
813 693 967 730 videtur
996 692 1042 730 de
1073 691 1382 739 splendidissima
1409 692 1477 728 illa
1497 703 1646 739 pompa,

167 766 279 802 qnam
326 757 539 794 Antiochus
582 758 619 794 in
669 758 807 805 oppido
850 758 1016 804 Daphne
1064 757 1172 794 duxit
1218 757 1393 794 imitatus
1434 756 1647 794 Aemilium

166 821 343 866 Paulum,
386 822 451 868 qui
487 823 686 860 victoriam
716 823 755 859 in
785 822 1012 860 Macedonia
1039 826 1189 869 partam
1220 821 1440 859 celebravit.
1453 821 1483 869 2)
1540 822 1647 869 Quae

166 896 304 933 pompa
337 891 517 924 accurate
554 887 783 925 describitur
811 899 834 924 a
863 887 1022 934 Polybio
1052 886 1210 931 XXXI,
1244 887 1277 924 3.
1308 888 1333 923 4
1375 890 1413 925 et
1442 887 1647 924 secundum

171 961 255 988 eum
285 962 309 988 a
338 950 508 989 Diodoro
538 952 691 996 XXXI,
726 953 787 988 16.
841 951 1023 998 Inprimis
1052 951 1251 998 inspicias:
1309 951 1446 998 Polyb.
1476 953 1511 994 4,
1542 951 1585 990 4:
1626 951 1647 991 ,ὁ

172 1015 211 1052 δὲ
238 1015 420 1066 χειρισμὸς
449 1015 582 1063 ἐγένετο
611 1018 682 1053 τῶν
712 1015 932 1065 πραγμάτων
963 1017 1006 1052 δι’
1035 1015 1145 1052 αὐτοῦ
1175 1016 1237 1052 eo&
1283 1014 1467 1064 βασιλέως.
1513 1015 1648 1053 ἵππον

167 1079 245 1130 γὰρ
289 1081 403 1131 ἔχων
449 1079 605 1130 εὐτελῆ
649 1081 897 1131 παρέτρεχε
940 1080 1057 1130 παρὰ
1098 1080 1173 1129 τὴν
1215 1080 1410 1129 πομπήν,
1454 1080 1537 1132 τοὺς
1583 1080 1648 1129 μὲν

169 1144 334 1195 προάγειν
377 1144 537 1183 κελεύων
580 1145 662 1186 τοὺς
705 1145 897 1197 δ’ἐπέχειν,
966 1146 1080 1183 Diod.
1129 1147 1189 1190 16,
1220 1146 1254 1183 2.
1313 1145 1332 1182 ὁ
1376 1146 1414 1182 δὲ
1457 1143 1497 1183 δι’
1540 1144 1647 1183 αὐτοῦ

168 1210 351 1260 χειρισμὸς
377 1213 514 1260 πολλῆς
544 1210 721 1251 εὐτελείας
750 1210 808 1249 καὶ
828 1211 1128 1261 καταφρονήσεως
1146 1209 1190 1259 ἦν
1211 1210 1351 1251 οἰκεῖος.
1397 1210 1648 1261 παρέτρεχε

166 1275 242 1324 γὰρ
273 1274 385 1325 παρὰ
413 1275 488 1324 τὴν
517 1275 692 1325 πομπὴν
722 1275 926 1325 ἱππάριον
956 1277 1073 1326 ἔχων
1103 1274 1281 1316 εὐτελές
1310 1277 1386 1313 κτλ.
1435 1275 1520 1322 Qua
1547 1276 1587 1312 iu
1607 1287 1648 1312 re

168 1340 352 1377 miramur
399 1339 587 1377 Granium
636 1351 933 1378 commemorare
981 1344 1299 1385 asturconem,
1355 1339 1562 1387 Polybium
1609 1344 1648 1377 et

167 1404 380 1441 Diodorum
406 1404 514 1442 ἵππον
543 1405 621 1453 (vel
651 1406 763 1443 etiam
795 1404 975 1455 ἱππάριον)
1022 1404 1196 1454 εὐτελῆ,
1241 1415 1365 1451 neque
1393 1404 1549 1441 dubium
1577 1409 1646 1451 est,

167 1468 258 1514 quin
299 1469 371 1506 hoc
413 1469 464 1506 sit
502 1473 666 1513 rectum,
714 1481 799 1508 cum
847 1474 1113 1517 exspectemus
1159 1469 1303 1516 aliquid
1352 1469 1556 1507 ridiculum
1602 1470 1648 1507 de

167 1533 362 1571 Antiocho
393 1534 536 1578 afferri,
567 1535 666 1580 quod
688 1535 726 1572 in
757 1535 999 1579 ‘asturcone',
1030 1535 1188 1581 pulchre
1217 1539 1257 1572 et
1275 1534 1475 1581 eleganter
1503 1535 1650 1572 femora

166 1601 342 1636 movente
371 1602 484 1644 atque
515 1600 562 1636 ob
591 1599 630 1636 id
658 1610 796 1646 magno
825 1599 865 1636 in
893 1600 1018 1646 pretio
1047 1599 1178 1636 habito
1193 1599 1222 1647 3)
1253 1610 1329 1636 non
1358 1599 1470 1636 inest.
1528 1599 1649 1645 Quam

168 1663 420 1700 differentiam
451 1663 545 1700 satis
574 1664 707 1700 miram
738 1664 792 1701 sic
812 1664 1088 1711 expediendam
1110 1674 1193 1701 esse
1213 1668 1319 1710 puto,
1349 1668 1393 1700 ut
1412 1665 1645 1702 coniciamus

167 1729 206 1764 in
236 1728 421 1775 exemplo,
453 1739 526 1774 quo
542 1729 723 1766 utebatur
744 1728 922 1773 Granius,
952 1729 1049 1766 falso
1071 1739 1141 1775 pro
1164 1727 1312 1777 εὐτελὴς
1337 1727 1445 1770 ἵππος
1464 1730 1646 1777 scriptum

167 1793 284 1831 fuisse
314 1792 514 1842 εὖσκελής.
570 1793 655 1841 Quo
684 1794 794 1830 modo
825 1794 900 1830 alio
931 1794 1087 1839 verbum
1120 1795 1297 1831 ‘asturco'
1330 1794 1487 1831 enodari
1514 1795 1648 1841 possit,

166 1869 242 1896 non
280 1858 403 1896 video.
461 1858 559 1895 Tum
602 1863 730 1896 autem
773 1870 842 1906 pro
872 1862 977 1896 certo
1026 1859 1211 1896 habemus
1238 1859 1346 1896 illam
1375 1870 1458 1896 cum
1483 1858 1647 1908 ,Polybio

167 1923 466 1968 similitudinem,
513 1935 623 1970 quam
652 1924 692 1960 in
722 1924 982 1967 describendis
1011 1924 1195 1961 Antiochi
1224 1924 1393 1961 moribus
1422 1925 1648 1970 invenimus,

166 1999 241 2026 non
260 1988 373 2027 Livio
393 1989 657 2027 intercedente
677 1993 800 2027 ortam
822 2000 915 2031 esse,
946 1989 1046 2035 quod
1067 1989 1228 2036 Madvig
1261 1989 1315 2038 (p.
1338 1989 1433 2038 394)
1452 1990 1647 2028 iudicavit.

169 2054 301 2100 Atque
327 2054 481 2091 Livium
522 2055 560 2092 in
604 2055 674 2092 hoc
702 2054 919 2101 fragmento
965 2066 1040 2092 non
1071 2054 1280 2092 adhibitum
1319 2065 1401 2092 esse
1430 2055 1533 2092 infra
1561 2055 1647 2092 aliis

169 2120 408 2165 argumentis
437 2119 697 2157 confirmatum
727 2120 948 2157 videbimus.

307 2183 459 2222 Deinde
487 2185 691 2232 exponitur
726 2185 772 2222 de
801 2185 951 2232 direpto
980 2185 1121 2232 templo
1150 2184 1457 2232 Hierapolitano.
1518 2184 1647 2222 Seleu-

169 2249 273 2287 cidas
313 2261 428 2297 saepe
470 2250 519 2287 ad
561 2250 763 2297 replendos
807 2261 945 2288 vacuos
974 2261 1063 2287 suos
1100 2250 1300 2287 thesauros
1331 2250 1520 2298 opulentis
1548 2249 1649 2287 fanis

261 2360 290 2405 ¹)
317 2358 423 2402 Quod
448 2360 683 2396 Ptolemaeus
711 2361 743 2396 11
781 2361 985 2406 Euergetes
1025 2360 1139 2406 (apud
1166 2360 1300 2397 Athen.
1326 2360 1360 2396 X
1385 2371 1420 2406 p.
1446 2362 1514 2396 438
1534 2362 1569 2405 e)
1598 2361 1643 2396 de

166 2418 341 2454 Antiochi
359 2418 563 2455 vinolentia
579 2420 626 2455 ab
640 2420 796 2455 Aeliano
816 2430 963 2466 quoque
981 2419 1084 2465 (Var.
1102 2419 1187 2455 hist.
1201 2419 1248 2464 II,
1267 2420 1323 2464 41)
1341 2421 1646 2464 commemorata,

168 2476 213 2512 de
248 2477 405 2522 pecunia
443 2478 488 2513 ab
526 2478 591 2514 illo
629 2478 794 2514 lacerata
821 2480 889 2514 etc.
916 2477 1033 2523 affert,
1070 2477 1131 2513 hic
1155 2480 1280 2524 potest
1304 2478 1464 2523 neglegi,
1505 2478 1569 2513 sed
1594 2478 1647 2514 ibi

167 2546 313 2581 quoque
351 2536 525 2581 legimus:
565 2537 700 2570 ἐλούετο
744 2536 779 2571 δὲ
818 2536 870 2570 καὶ
912 2535 956 2576 εἷς
999 2534 1078 2575 τοὺς
1120 2535 1249 2576 κοινοὺς
1292 2537 1486 2583 λουτρῶνας
1530 2536 1647 2583 μύροις

167 2594 397 2641 ἀλειφόμενος,

261 2654 287 2699 2)
313 2653 512 2690 Hoffmann
532 2654 758 2698 „Antiochus
776 2655 824 2690 IV
841 2655 1076 2700 Epiphanes“
1095 2655 1205 2698 (Diss.
1220 2655 1319 2701 Lips.
1337 2655 1443 2699 1873)
1474 2665 1509 2700 p.
1529 2656 1572 2691 72
1591 2665 1646 2701 sq.

260 2712 287 2754 ³)
312 2712 384 2749 Ad.
411 2713 607 2749 Schlieben
634 2714 725 2758 „Die
751 2713 883 2749 Pferde
911 2713 974 2750 des
993 2714 1223 2750 Altertums“
1252 2714 1367 2759 (Lips.
1392 2715 1495 2759 1867)
1522 2725 1556 2760 p.
1578 2715 1644 2750 106

167 2773 204 2807 et
228 2771 429 2808 Schneider
455 2772 501 2807 ad
526 2772 655 2817 Veget.
686 2773 733 2818 II,
761 2776 818 2818 28,
845 2775 904 2809 38.
1082 2800 1085 2801 γ

239 2835 380 2864 Bernner
400 2836 540 2865 Studien.
578 2836 665 2866 xvi.
685 2837 741 2865 Bd.
779 2837 803 2866 3.
823 2836 911 2868 nest.
1364 2827 1384 2861 2
