2066 3448
688 399 744 406 m
808 374 982 414 29-

694 547 896 590 CAPUT
928 547 987 590 Π.

563 644 643 693 De
680 644 816 694 bello
855 643 1130 693 Cimbrico.

829 774 862 811 I.

219 849 477 888 Transeamus
506 851 553 888 ad
583 851 775 888 Liciniani
804 850 849 888 de
878 851 978 888 bello
1000 849 1190 888 Cimbrico
1219 849 1436 896 fragmenta
1465 847 1548 897 (fol.
1570 848 1588 884 I

111 918 149 953 et
177 915 287 960 VIII,
317 916 375 954 ed.
406 916 523 953 Bonn.
556 928 591 963 p.
627 916 810 964 16—20),
854 927 950 962 quae
993 927 1066 962 quo
1107 916 1146 952 in
1188 915 1287 953 libro
1331 913 1477 951 fuerint
1511 923 1588 950 non

113 984 276 1018 constat.
332 981 448 1018 Prius
489 981 748 1027 fragmentum
791 987 850 1018 est
895 981 939 1018 de
982 981 1137 1028 proeliis
1166 991 1264 1017 anno
1295 980 1370 1017 649
1399 978 1510 1028 (105)
1541 978 1589 1014 ad

113 1045 343 1083 Rhodanum
372 1045 510 1084 flumen
541 1046 748 1084 commissis
777 1050 817 1083 et
845 1046 997 1092 quidem
1026 1045 1150 1093 prima
1178 1045 1297 1083 verba
1326 1044 1522 1091 pertinent
1542 1043 1590 1080 ad

114 1110 315 1148 interitum
343 1111 394 1149 M.
425 1111 578 1149 Aurelii
610 1110 758 1148 Scauri.

219 1176 306 1214 Hae
335 1187 396 1214 res
439 1176 531 1213 alibi
573 1179 752 1213 accurate
787 1188 863 1214 non
891 1175 1098 1213 traduntur
1126 1175 1199 1213 nisi
1228 1175 1268 1211 in
1296 1174 1379 1213 Liv.
1410 1186 1491 1222 per.
1523 1174 1590 1212 67:

116 1241 181 1278 ‘M.
212 1241 399 1279 Aurelius
440 1240 606 1279 Scaurus
648 1241 800 1288 legatus
843 1242 1006 1279 consulis
1035 1253 1058 1278 a
1087 1240 1252 1278 Cimbris
1294 1239 1376 1277 fuso
1421 1239 1593 1276 exercitu

118 1309 251 1353 captus
283 1310 341 1344 est
368 1310 408 1344 et
436 1317 518 1344 eum
547 1307 586 1344 in
616 1307 816 1344 concilium
846 1307 891 1345 ab
937 1307 991 1344 eis
1034 1307 1243 1344 advocatus
1286 1306 1500 1342 deterreret
1529 1315 1593 1341 eos

118 1382 164 1408 ne
194 1372 312 1419 Alpes
353 1373 564 1410 transirent
591 1372 747 1409 Italiam
789 1373 949 1420 petituri
992 1383 1037 1409 eo
1080 1372 1182 1419 quod
1226 1372 1371 1409 diceret
1399 1370 1595 1407 Romanos

121 1436 222 1474 vinci
263 1448 339 1475 non
372 1449 500 1485 posse,
545 1449 567 1474 a
594 1438 777 1485 Boiorige
812 1438 933 1475 feroci
961 1438 1097 1475 iuvene
1141 1437 1287 1475 occisus
1316 1436 1398 1474 est’.
1455 1435 1596 1473 Paucis

121 1508 439 1540 commemoratur
480 1502 617 1540 Scauri
647 1514 749 1541 mors
777 1515 800 1540 a
828 1503 930 1540 Vell.
962 1503 1023 1548 Π,
1058 1505 1122 1549 12,
1156 1503 1198 1547 2;
1240 1502 1333 1540 Tac.
1365 1501 1496 1540 Germ.
1527 1501 1594 1543 372

119 1567 235 1605 Dion.
257 1566 361 1604 Cass.
384 1568 430 1604 fr.
452 1568 501 1606 89
524 1567 722 1617 (Melber);
746 1568 893 1617 [Quint]
917 1568 1012 1606 decl.
1033 1568 1112 1613 HI,
1135 1569 1203 1611 13;
1232 1567 1340 1606 Oros.
1363 1566 1413 1611 V,
1438 1567 1496 1613 16,
1519 1565 1596 1614 21)

121 1632 226 1678 Quae
256 1631 424 1670 Granius
451 1633 629 1681 praebet,
666 1634 869 1671 concinunt
899 1645 982 1671 cum
1012 1634 1098 1672 Liv.
1128 1645 1230 1680 per.‚
1273 1633 1347 1670 nisi
1377 1632 1474 1679 quod
1503 1631 1596 1668 duas

120 1709 181 1734 res
201 1697 325 1735 addit:
359 1700 392 1736 1.
423 1701 530 1745 ‘equo
551 1699 749 1737 deiectum'
778 1700 812 1736 2.
835 1699 938 1746 ‘ipsis
958 1699 1178 1746 petentibus
1200 1699 1334 1736 ducem
1354 1709 1394 1735 se
1415 1698 1595 1735 tradere'.

227 1763 376 1801 Deinde
405 1765 505 1812 apud
532 1765 775 1802 Licinianum
804 1766 989 1812 scriptum
1019 1765 1192 1802 videmus
1213 1765 1258 1801 de
1279 1764 1476 1801 simultate
1496 1763 1600 1800 inter

127 1828 342 1878 Mallium2)
372 1834 409 1867 et
438 1828 667 1878 Caepionem
697 1830 811 1868 duces
841 1835 938 1868 orta.
995 1829 1071 1868 Sed
1101 1842 1185 1868 cum
1220 1841 1343 1877 pauca
1378 1833 1524 1866 tantum
1554 1829 1599 1865 de

123 1894 224 1931 bello
270 1893 461 1933 Cimbrico
505 1897 741 1942 maximeque
784 1896 829 1933 de
858 1896 923 1936 iis.
968 1907 1064 1942 quae
1107 1900 1196 1933 ante
1239 1895 1356 1932 Marii
1397 1894 1600 1942 imperium

127 1960 365 2005 acciderunt,
409 1961 614 1998 memoriae
656 1961 811 2009 prodita
853 1962 930 1998 sint
973 1962 1086 2008 atque
1129 1961 1243 1998 etiam
1273 1960 1505 1998 Plutarchus
1533 1960 1601 1996 illa

124 2024 204 2061 fere
231 2025 537 2072 praetermittat,
581 2027 801 2064 auctoribus
836 2027 881 2064 de
910 2027 982 2064 hac
1011 2038 1051 2064 re
1081 2030 1236 2074 praeter
1264 2026 1507 2064 Licinianum
1539 2037 1601 2062 ca-

125 2100 310 2137 reremuS‚
341 2090 415 2127 nisi
444 2101 539 2128 unus
567 2102 694 2129 rerum
724 2093 907 2140 scriptor,
937 2093 1014 2130 Dio
1044 2091 1198 2129 Cassius
1228 2091 1276 2130 fr.
1307 2092 1375 2137 89,
1407 2091 1598 2139 copiosius

222 2239 250 2283 ¹)
275 2238 388 2274 Falso
407 2237 559 2275 Orosius
577 2239 720 2285 proelia
736 2239 784 2275 ad
800 2239 1021 2275 Rhodanum
1046 2239 1144 2274 facta
1169 2250 1264 2274 anno
1284 2241 1351 2275 642
1370 2239 1471 2281 (112)
1488 2237 1603 2273 fuisse

128 2296 217 2332 dicit
241 2308 295 2343 ac,
320 2299 393 2334 nisi
409 2298 503 2335 folte
520 2310 656 2334 nomen
673 2299 711 2334 in
729 2298 917 2335 codicibus
936 2299 1178 2345 depravatum
1205 2300 1271 2343 est,
1297 2298 1346 2333 M.
1363 2297 1603 2333 Aemilium

131 2356 364 2392 consularem
389 2358 564 2404 appellat.

224 2429 248 2475 2)
275 2429 420 2466 Nomen
445 2432 606 2468 consulis
629 2432 791 2468 traditur
816 2433 914 2478 apud
933 2432 1009 2468 Lic.
1026 2432 1089 2467 fol.
1107 2432 1123 2467 I
1142 2444 1166 2467 u
1183 2431 1377 2475 ‘Manlius',
1403 2429 1464 2465 fol.
1483 2428 1570 2464 VIII
1588 2440 1606 2463 r

130 2487 336 2525 ‘Manilius’.
378 2491 500 2526 Etiam
524 2492 563 2527 in
589 2494 795 2528 ceterorum
820 2493 1041 2538 scriptorum
1067 2491 1254 2527 codicibus
1280 2490 1418 2526 formas
1444 2488 1606 2523 nominis

129 2549 289 2584 maxime
313 2550 434 2586 varias
459 2552 677 2587 invenimus.
727 2552 863 2587 Verum
888 2563 1040 2596 nomen,
1079 2550 1178 2598 quod
1210 2550 1321 2586 etiam
1345 2548 1607 2593 inscriptiones

133 2606 190 2652 (C.
215 2608 244 2644 Ι.
268 2608 308 2644 L.
334 2609 385 2654 X,
425 2613 529 2655 17813
570 2610 608 2646 C.
634 2612 661 2647 Ι.
689 2611 752 2648 Gr.
785 2613 892 2656 2485)
930 2612 1132 2656 testantur,
1171 2610 1251 2645 sine
1277 2610 1389 2645 dubio
1428 2609 1500 2644 est:
1543 2606 1608 2643 Cn.

131 2667 314 2704 Mallius
340 2668 521 2705 Maximus
531 2685 540 2714 3
568 2670 613 2707 cf.
639 2671 786 2716 De-vit,
814 2670 1078 2707 Onomasticon
1108 2671 1158 2706 IV
1183 2681 1218 2716 p.
1246 2672 1314 2707 ⁴288
1345 2671 1381 2705 et
1404 2670 1609 2705 Mommsen

133 2726 247 2773 (apud
264 2728 509 2774 Borghesium
527 2730 714 2774 „Oeuvres
733 2731 952 2776 completes“
981 2730 1015 2765 II
1042 2742 1076 2776 p.
1097 2733 1163 2767 219
1188 2730 1271 2765 adn.
1298 2731 1347 2775 6),
1373 2730 1436 2776 qui
1461 2729 1610 2774 gentem

133 2787 298 2823 Malliam
322 2788 507 2835 plebeiam
534 2791 579 2826 ab
605 2790 744 2826 Manlia
768 2790 925 2836 patricia
957 2790 1202 2836 separandam
1228 2801 1310 2826 esse
1334 2801 1401 2826 nos
1428 2791 1545 2828 docet.
