2066 3448
1026 386 1316 427 -40—

440 513 561 559 legem
588 513 751 557 tulisset,
782 512 1007 549 miraremur
1035 521 1119 547 eum
1148 510 1247 556 apud
1275 509 1506 555 Ciceronem,
1536 511 1599 557 qui
1627 510 1672 547 de
1699 510 1758 547 his
1784 510 1897 547 rebus

439 577 587 623 singula
615 576 899 613 accuratissime
921 575 1084 621 exponit,
1114 585 1296 620 nusquam
1315 575 1511 612 nominari.
1561 574 1657 612 Tum
1677 574 1898 612 Mommseni

438 641 628 678 sententia
655 640 757 677 nullo
787 643 1010 685 argumento
1041 639 1177 675 nititur
1205 639 1277 675 nisi
1305 639 1431 676 verbis
1451 637 1668 681 Granianis‚
1697 650 1795 685 quae
1814 649 1897 676 eum

438 716 510 742 non
539 709 643 741 recte
672 705 920 751 interpretari
949 714 1096 741 censeo.

542 768 579 806 A
596 768 776 806 Norbano
797 768 918 814 igitur
935 767 1076 813 Caepio
1097 768 1182 813 lege
1201 766 1399 804 Saturnini
1419 767 1464 803 de
1483 767 1679 804 imminuta
1697 768 1898 805 maiestate

438 845 473 880 p.
493 833 542 870 R.
564 832 671 870 modo
700 832 851 878 perlata
879 843 966 868 reus
986 831 1110 868 factus
1131 835 1200 869 est.
1248 832 1329 877 Qua
1349 832 1387 868 in
1407 842 1448 868 re
1467 841 1604 877 sequor
1622 831 1898 870 Neumannium

439 898 480 945 (l.
503 909 532 935 c.
555 909 592 943 p.
613 898 688 934 411
711 896 796 944 sq.),
827 896 894 933 sed
923 899 1027 933 errat
1055 897 1153 933 idem
1183 907 1265 933 cum
1294 899 1405 943 putat
1434 894 1619 933 Granium
1647 896 1898 942 neglegenter

440 963 512 1000 hoc
532 962 615 999 loco
632 960 879 998 Saturninum
901 961 1094 998 nominare
1114 971 1182 1007 pro
1196 960 1391 998 Norbano.
1428 960 1559 998 Verba
1579 960 1676 997 enim
1694 959 1899 998 ‘Saturnini

438 1027 650 1073 rogatione'
672 1029 816 1063 tantum
844 1026 1098 1072 intellegenda
1125 1030 1215 1062 sunt
1243 1026 1288 1062 de
1315 1025 1469 1063 Mallii
1499 1025 1757 1069 accusatione;
1787 1028 1899 1071 atque

439 1103 506 1130 cur
535 1092 633 1128 hanc
661 1090 888 1128 Saturninus
916 1091 996 1137 ipse
1025 1091 1234 1137 suscepisse
1262 1101 1336 1127 non
1364 1089 1555 1137 putandus
1583 1090 1644 1136 sit,
1675 1100 1748 1126 non
1767 1089 1898 1127 video:

438 1159 597 1202 uterque
625 1155 801 1192 tribunus
829 1155 911 1201 pari
942 1155 1140 1201 diligentia
1169 1155 1316 1192 studuit
1337 1157 1469 1193 contra
1494 1154 1674 1192 nobilium
1695 1154 1899 1191 factionem

467 1232 490 1258 u
521 1232 622 1258 nare.

441 1233 463 1268 p
493 1232 519 1268 g
544 1286 626 1323 Hoc
655 1284 847 1322 Liciniani
874 1284 956 1321 loco
985 1285 1102 1322 verba
1122 1283 1315 1321 Ciceronis
1343 1284 1435 1322 satis
1463 1285 1623 1321 obscura
1642 1283 1707 1330 (de
1727 1286 1823 1321 orat.
1843 1282 1900 1329 Π,

441 1351 503 1395 28,
538 1351 610 1388 125
642 1351 751 1397 ‘Quid
780 1362 851 1397 ego
882 1351 927 1388 de
958 1350 1022 1388 Cn.
1051 1350 1174 1388 Mallii
1205 1381 1212 1388 .
1243 1379 1251 1386 .
1284 1380 1291 1387 .
1324 1381 1331 1388 .
1362 1349 1689 1387 commiseratione
1717 1347 1898 1396 dicamP')

440 1416 546 1453 clara
586 1415 690 1453 fiunt.
754 1415 848 1453 Cum
892 1416 981 1453 alibi
1023 1415 1117 1452 nihil
1161 1415 1205 1453 de
1247 1415 1379 1452 Mallio
1423 1414 1669 1452 condemnato
1713 1413 1899 1459 tradatur,

440 1481 656 1528 ignoramus
701 1491 772 1527 quo
815 1481 969 1518 crimine
1012 1484 1212 1518 accusatus
1255 1481 1313 1518 sit.
1385 1479 1531 1528 Quodsi
1571 1479 1673 1526 apud
1715 1477 1901 1516 Granium

439 1546 622 1593 scriptum
651 1546 823 1583 videmus
852 1546 911 1582 ‘ob
941 1546 1094 1583 eandem
1125 1556 1275 1582 causam
1304 1555 1416 1591 quam
1445 1548 1483 1581 et
1502 1543 1670 1591 Caepio',
1701 1543 1828 1580 elucet
1855 1553 1903 1580 ne

439 1620 524 1646 eum
568 1610 715 1657 quidem
759 1611 796 1647 in
838 1621 966 1658 pugna
1004 1610 1102 1657 apud
1131 1610 1379 1646 Arausionem
1412 1607 1514 1646 facta
1541 1608 1654 1645 laude
1682 1607 1835 1654 dignum
1862 1617 1903 1644 se

439 1675 672 1723 praebuisse,
715 1675 789 1712 nisi
831 1676 932 1713 forte
974 1674 1158 1712 acerrimo
1199 1674 1363 1721 partium
1406 1673 1529 1711 studio
1571 1671 1712 1710 factum
1755 1674 1824 1716 est,
1861 1674 1904 1708 ut

442 1739 588 1786 »ollega
615 1740 783 1787 collegae
811 1739 999 1777 fortunam
1031 1743 1237 1787 pateretur.

545 1804 629 1841 Iam
657 1805 864 1849 videamus,
894 1805 982 1851 quid
1010 1805 1097 1842 inde
1126 1805 1172 1842 de
1199 1804 1390 1842 Liciniani
1419 1807 1574 1841 auctore
1604 1800 1901 1840 concludendum

440 1869 501 1906 sit.
559 1868 600 1907 Si
630 1872 780 1907 constat
821 1869 1045 1917 scriptorem
1086 1869 1161 1906 iam
1206 1877 1316 1906 antea
1359 1868 1405 1906 de
1442 1867 1631 1916 Caepione
1672 1866 1903 1912 narravisse,

440 1937 600 1982 apparet
629 1945 683 1976 ea,
715 1945 812 1981 quae
840 1938 968 1971 nostro
1003 1934 1085 1971 loco
1115 1934 1305 1978 dicuntur,
1335 1933 1466 1970 addita
1494 1943 1576 1970 esse
1605 1943 1650 1969 ex
1680 1932 1754 1968 alio
1783 1931 1903 1968 fonte.

441 1997 537 2035 Tum
558 1998 707 2036 facilius
726 1999 968 2046 intelligitur,
991 1999 1176 2045 quomodo
1197 1998 1337 2036 factum
1358 1999 1420 2042 sit,
1440 2001 1484 2035 ut
1503 2002 1714 2044 temporum
1730 1996 1902 2033 ordinem

442 2063 692 2101 confunderet
719 2064 953 2101 Licinianus.
1010 2063 1185 2110 Cogitari
1227 2064 1324 2100 enim
1368 2065 1493 2110 potest
1524 2073 1608 2100 eum
1636 2062 1766 2099 statim
1796 2061 1904 2099 clade

441 2128 509 2165 illa
549 2132 708 2166 narrata
750 2128 796 2166 de
835 2128 1036 2175 Caepionis
1078 2133 1179 2166 sorte
1224 2128 1441 2175 exposuisse
1483 2127 1684 2165 secundum
1713 2125 1904 2164 Graecum

443 2196 649 2236 auctorem,
693 2193 795 2240 apud
836 2204 946 2239 quem
987 2197 1132 2230 rectum
1174 2203 1299 2230 rerum
1340 2203 1410 2239 per
1438 2196 1515 2229 tres
1544 2202 1660 2229 annos
1689 2190 1906 2240 (649—51)

441 2261 636 2305 gestarum
657 2258 826 2295 ordinem
846 2258 1009 2295 fortasse
1037 2258 1207 2305 repperit
1235 2258 1309 2294 sibi
1337 2257 1418 2304 ipse
1446 2267 1578 2304 parum
1608 2256 1790 2300 conscius,
1822 2266 1905 2293 cum

442 2322 506 2360 ille
534 2321 708 2360 Graecus
737 2326 870 2360 auctor
897 2323 961 2361 vix
990 2323 1181 2361 annalium
1209 2323 1437 2370 scriptorum
1479 2322 1626 2358 ratione
1669 2320 1906 2367 singulorum

444 2397 624 2425 annorum
654 2399 717 2425 res
746 2391 874 2434 gestas
903 2388 1142 2435 explanaret:
1173 2388 1210 2424 in
1238 2387 1437 2425 scribendo
1467 2390 1707 2424 autem·eum
1727 2385 1907 2422 Latinum

443 2463 590 2499 quoque
620 2451 761 2489 fontem
789 2452 998 2499 inspexisse
1032 2456 1145 2499 atque
1172 2452 1259 2489 inde
1287 2451 1461 2498 prodigia
1489 2451 1555 2488 illa
1584 2454 1622 2488 et
1649 2449 1813 2488 fortasse
1831 2450 1908 2487 alia

443 2527 541 2564 quae
583 2516 632 2554 ad
672 2528 740 2554 nos
782 2528 856 2554 non
897 2519 1152 2564 pervenerunt
1194 2516 1404 2554 narrationi
1444 2515 1666 2561 inseruisse,
1713 2515 1781 2552 sed
1823 2525 1907 2552 cum

445 2581 627 2619 Latinum
658 2585 850 2619 auctorem
878 2582 1007 2629 legere
1035 2585 1233 2629 pergeret,
1276 2581 1415 2619 vidisse
1444 2592 1483 2619 se
1511 2591 1572 2618 res
1601 2581 1650 2618 ad
1676 2579 1906 2626 Caepionem

444 2646 682 2693 pertinentes
710 2647 785 2684 iam
814 2657 1007 2691 narrasse,
1044 2657 1160 2693 eaque
1190 2646 1236 2684 de
1264 2657 1378 2683 causa
1406 2646 1500 2683 haec
1528 2649 1675 2683 tantum
1703 2644 1905 2688 addidisse,

447 2721 543 2757 quae
565 2711 611 2748 de
631 2710 764 2748 Mallio
793 2711 937 2758 scripta
965 2711 1146 2758 videmus,
1178 2721 1260 2748 cum
1289 2721 1363 2748 non
1391 2711 1626 2758 perspiceret
1644 2711 1738 2748 haec
1755 2709 1906 2746 biennio

447 2775 636 2823 posterius
666 2785 747 2813 esse
775 2774 887 2812 facta.
936 2775 1323 2814 PostremoGranius
1351 2775 1494 2813 redisse
1514 2775 1562 2812 ad
1581 2775 1745 2823 priorem
1765 2774 1908 2811 font-em
