2066 3448
972 376 1256 417 „60-

491 504 565 542 Pro
595 507 710 549 certo,
741 514 824 540 cum
852 502 1037 549 reliquiae
1066 505 1143 539 tam
1172 513 1315 549 parvae
1343 502 1428 549 sint,
1459 502 1531 539 hoc
1559 501 1749 539 affirmare
1777 510 1850 537 non

383 569 483 606 licet.
541 567 614 605 Sed
646 567 916 611 consideranti,
961 566 1146 612 quomodo
1175 565 1382 609 Liciniani,
1425 566 1603 613 Appiani,
1648 565 1849 603 Plutarchi

383 643 584 671 consensus
613 631 859 679 explicandus
888 631 949 676 sit,
979 642 1091 678 spero
1120 641 1242 668 meam
1272 630 1499 668 sententiam
1527 631 1610 669 veri
1638 641 1713 668 non
1742 630 1850 668 dissi-

380 698 507 735 milem
537 698 632 735 fore.

491 761 531 798 Si
558 772 673 808 supra
692 759 926 798 confidenter
945 759 1023 797 dixi
1042 760 1281 798 Licinianam
1310 760 1401 798 belli
1431 760 1553 798 civilis
1580 761 1851 805 narrationem,

379 837 491 874 quam
533 826 656 863 adhuc
697 825 960 870 tractavimus,
1002 830 1161 872 propter
1203 826 1381 863 eximium
1425 825 1598 862 ordinem
1634 829 1673 862 et
1714 836 1850 863 nexum

378 903 503 929 rerum
525 891 680 939 plurimi
700 891 975 928 aestimandam
996 902 1088 937 esse,
1118 896 1246 928 tamen
1265 891 1476 937 quicunque
1495 891 1611 937 paulo
1632 890 1851 937 diligentius

381 956 543 993 animum
584 956 802 1002 attenderit,
845 955 957 993 facile
1000 961 1202 1003 cognoscet
1245 956 1337 993 illud
1379 955 1560 993 iudicium
1603 955 1651 992 ad
1684 966 1728 993 ea
1755 966 1852 1002 quae

380 1024 590 1068 sequuntur
618 1021 693 1058 iam
723 1032 797 1058 non
826 1021 1031 1068 pertinere.
1088 1021 1379 1058 Perscrutemur
1406 1021 1525 1067 igitur
1556 1020 1719 1067 singula.

485 1085 546 1123 Ac
588 1086 750 1133 primum
792 1086 942 1132 quidem
976 1087 1189 1124 invenimus
1231 1086 1398 1123 fabulam
1428 1086 1546 1128 illam,
1578 1096 1652 1133 qua
1681 1085 1803 1123 frater
1833 1096 1855 1121 a

380 1150 498 1188 fratre
538 1151 577 1188 in
617 1162 746 1198 pugna
789 1162 884 1197 quae
913 1150 985 1187 fuit
1012 1152 1113 1188 inter
1140 1150 1362 1198 Pompeium
1401 1155 1440 1188 et
1468 1151 1681 1188 Sertorium
1710 1151 1855 1188 occisus

381 1227 463 1253 esse
482 1220 677 1254 narratur.
715 1215 886 1253 Eandem
908 1215 1146 1253 historiolam
1167 1216 1352 1263 praebent
1371 1216 1455 1253 Liv.
1478 1228 1556 1263 per.
1580 1216 1642 1259 79,
1673 1214 1783 1253 Oros.
1806 1214 1854 1261 V,

383 1282 442 1329 19,
482 1282 540 1319 12.
583 1282 640 1325 13,
683 1281 773 1319 Val.
804 1281 904 1318 Max.
936 1282 980 1327 V,
1011 1283 1048 1326 5,
1077 1282 1114 1326 4,
1157 1281 1320 1329 August.
1352 1282 1398 1319 de
1437 1282 1507 1319 civ.
1541 1281 1600 1318 dei
1630 1280 1681 1324 11,
1726 1281 1788 1325 25,
1819 1280 1855 1324 5,

382 1348 471 1385 Tac.
492 1347 591 1384 Hist.
612 1345 691 1391 ΙΙΙ,
713 1347 775 1384 51.
817 1345 977 1383 Orosius
1005 1346 1103 1383 hanc
1130 1358 1212 1384 rem
1242 1347 1281 1384 in
1310 1346 1557 1384 describendo
1579 1345 1725 1393 proelio
1754 1345 1856 1383 inter

380 1412 602 1459 Pompeium
647 1415 686 1449 et
714 1411 925 1449 Sertorium
968 1411 1016 1448 ad
1057 1416 1208 1458 portam
1245 1410 1433 1449 Collinam
1475 1411 1674 1448 commisso
1717 1410 1855 1454 tradit;

381 1480 496 1523 atque
525 1478 640 1514 etiam
670 1477 708 1513 in
728 1476 909 1524 periocha
937 1482 980 1513 ut
1007 1476 1082 1513 iam
1103 1488 1219 1524 supra
1245 1477 1548 1522 commemoravi,
1579 1479 1705 1513 exstat
1724 1474 1856 1512 fabula

382 1542 511 1580 eodem
543 1543 626 1579 loco
656 1546 770 1588 atque
799 1542 900 1588 apud
928 1540 1055 1587 Oros.;
1100 1547 1142 1579 at
1184 1553 1305 1588 neque
1342 1542 1402 1578 hic
1431 1552 1551 1588 neque
1580 1540 1679 1588 apud
1708 1542 1856 1577 ceteros

380 1607 483 1645 Livii
512 1607 785 1654 epitomatores
816 1617 899 1643 cum
930 1610 1033 1644 certo
1063 1607 1208 1654 proelio
1239 1607 1440 1644 coniuncta
1470 1611 1538 1644 est.
1587 1605 1698 1654 Quod
1728 1608 1855 1642 autem

380 1673 418 1708 in
447 1672 628 1720 periocha
656 1672 839 1718 scriptum
869 1671 1039 1708 videmus
1068 1672 1232 1709 alterum
1274 1671 1434 1708 fratrem
1463 1670 1640 1708 Cinnae
1683 1670 1855 1714 militem,

379 1748 454 1774 non
483 1737 682 1774 Sertorii
712 1736 846 1781 fuisse,
891 1737 962 1774 hoc
1005 1740 1108 1774 certe
1152 1737 1421 1783 neglegentiae
1451 1736 1714 1784 epitomatoris
1743 1735 1856 1772 attri-

380 1802 566 1839 buendum
599 1802 685 1839 erit.
726 1802 770 1838 In
798 1801 871 1838 hac
901 1801 1049 1848 quidem
1079 1812 1120 1838 re
1141 1800 1456 1838 Bienkowskium
1484 1801 1615 1847 probo,
1646 1800 1712 1838 sed
1742 1801 1857 1837 aliter

381 1871 495 1913 atque
524 1867 588 1904 ille
617 1866 743 1904 iudico
773 1865 818 1903 de
847 1866 975 1903 Taciti
1003 1866 1123 1915 (Hist.
1154 1865 1232 1911 ΙΙΙ,
1263 1866 1328 1914 51)
1359 1865 1505 1903 verbis:
1549 1866 1661 1904 ‘Nam
1697 1865 1855 1912 proelio,

380 1943 454 1978 quo
476 1931 578 1979 apud
598 1931 627 1968 J
637 1931 870 1968 aniculum
892 1931 1074 1968 adversus
1094 1929 1253 1968 Cinnam
1273 1935 1484 1978 pugnatum
1507 1935 1576 1977 est,
1606 1929 1859 1978 Pompeianus

380 1997 489 2034 miles
501 1997 530 2045 ¹)
561 1998 720 2034 fratrem
749 2007 869 2041 suum,
902 1996 987 2033 dein
1018 1996 1171 2042 cognito
1201 1996 1372 2033 facinore
1401 2007 1440 2034 se
1469 1997 1550 2043 ipse
1578 1997 1783 2041 interfecit,
1813 1999 1857 2034 ut

380 2061 541 2099 Sisenna
568 2063 778 2099 memorat'.
818 2062 965 2109 Quibus
985 2072 1030 2098 ex
1052 2061 1179 2099 verbis
1200 2061 1323 2098 elucet
1342 2060 1540 2098 Sisennam
1562 2062 1667 2099 illam
1689 2062 1856 2100 fabulam

381 2126 601 2164 adiunxisse
631 2127 903 2174 expugnationi
933 2126 962 2164 J
970 2127 1168 2171 aniculi,
1212 2137 1307 2172 quae
1351 2138 1433 2164 cum
1462 2137 1588 2174 pugna
1616 2127 1717 2163 inter
1743 2126 1856 2163 Pom-

380 2191 507 2238 peium
538 2196 577 2228 et
604 2190 815 2229 Sertorium
846 2192 950 2228 facta
983 2191 1136 2228 minime
1173 2192 1362 2229 cohaeret.
1418 2191 1555 2237 Itaque
1593 2202 1715 2238 neque
1743 2191 1857 2228 Bien-

380 2256 552 2294 kowskio
583 2257 771 2294 assentior
799 2255 998 2294 Sisennam
1019 2256 1133 2294 Livio
1164 2256 1211 2293 ad
1241 2267 1374 2294 manus
1402 2256 1519 2294 fuisse
1548 2267 1670 2302 neque
1699 2256 1856 2294 Pertzio

382 2321 522 2369 (praef.
554 2333 589 2369 p.
620 2322 724 2370 XX),
767 2321 831 2368 qui
858 2321 1098 2359 Licinianum
1142 2332 1186 2357 ex
1229 2321 1294 2358 illo
1338 2322 1509 2359 hausisse
1547 2325 1672 2369 putat.
1703 2343 1751 2348 --
1781 2320 1856 2358 Sed

383 2385 583 2433 Granium,
614 2387 678 2433 qui
706 2387 825 2424 multo
847 2390 936 2423 ante
965 2386 1053 2434 (col.
1074 2386 1113 2423 A
1132 2387 1157 2423 4
1185 2386 1260 2435 sq.)
1291 2386 1386 2423 illud
1414 2386 1599 2434 proelium
1629 2387 1677 2423 ad
1706 2390 1857 2433 portam

383 2451 571 2489 Collinam
592 2451 833 2490 commissum
853 2454 1228 2496 commemoraverat,
1258 2462 1382 2488 nonne
1403 2452 1538 2488 mirum
1559 2455 1618 2490 est
1636 2452 1724 2496 iam,
1753 2455 1857 2498 post-

382 2528 493 2562 quam
522 2517 780 2554 narrationem
809 2517 922 2563 longe
951 2516 1183 2563 provexerit,
1213 2516 1336 2554 denuo
1367 2517 1485 2555 verba
1514 2517 1641 2554 facere
1671 2517 1717 2554 de
1747 2516 1856 2554 ‘bello

477 2616 502 2661 ²)
528 2615 785 2661 ‘Pompeianus
834 2614 953 2650 miles'
995 2615 1173 2661 ampliore
1222 2616 1407 2651 sententia
1449 2616 1657 2661 significare
1698 2615 1857 2651 arbitror

381 2674 536 2710 militem
562 2675 639 2710 eius
665 2674 853 2720 factionis,
890 2675 993 2710 cuius
1019 2674 1191 2720 princeps
1217 2674 1347 2709 haberi
1373 2675 1518 2719 poterat
1543 2674 1760 2720 Pompeius,
1799 2673 1857 2709 vel

381 2744 493 2768 unum
520 2744 564 2769 ex
589 2745 654 2769 sex
692 2734 914 2779 cohortibus,
952 2744 1043 2783 quas
1071 2733 1267 2779 Pompeius
1296 2732 1446 2769 Octavio
1480 2733 1682 2769 secundum
1708 2733 1783 2770 Lic.
1810 2733 1857 2769 ad

382 2791 593 2828 Janiculnm
620 2792 907 2838 oppugnandum
932 2793 1097 2829 tradidit.
