2066 3448
1054 354 1339 394 -23—

469 485 617 517 tantum
648 492 694 517 ex
724 480 804 517 eius
832 477 1010 517 historia!
1049 479 1258 517 Praeterea
1277 491 1351 517 non
1379 479 1555 526 intellegi
1582 484 1721 528 potest,
1752 491 1820 518 cur
1848 481 1942 518 haec

469 547 555 592 ipsa
590 545 761 582 narratio
792 544 944 581 minime
972 544 1073 581 salsa
1102 544 1347 590 epitomatori
1388 545 1560 591 inprimis
1588 546 1795 593 placuerit,
1839 546 1871 583 si
1900 549 1944 583 ut

469 609 673 648 Francken
719 609 770 657 (p.
816 608 910 656 245)
953 608 1064 651 dicit,
1107 609 1154 645 ab
1197 619 1240 646 eo
1287 608 1432 653 „minus
1474 614 1672 648 contracta
1713 611 1789 648 fuit
1829 622 1943 657 quam

468 675 653 720 reliqua&

576 739 907 785 Quotienscunque
934 738 1006 775 hoc
1035 738 1290 784 fragmentum
1318 739 1506 785 legebam,
1535 740 1703 778 mirabar
1732 745 1809 778 tam
1830 752 1943 788 saepe

476 804 762 842 commemorari
791 803 969 851 Cyzicum
1000 804 1149 841 urbem:
1195 803 1426 852 Cyzicena
1461 808 1520 842 est
1561 809 1683 842 mater
1711 805 1942 854 Socratis;1)

472 881 521 906 eo
557 880 640 906 cum
674 869 751 905 filio
793 869 1012 915 ablegatur,
1057 869 1210 907 eodem
1252 870 1461 907 revertitur
1504 868 1699 916 Socrates,
1742 874 1944 918 postquam

470 934 616 971 frustra
661 934 808 971 Romae
850 945 873 971 a
915 937 1050 971 senatu
1095 945 1255 981 regnum
1302 935 1548 982 Bithynicum
1605 936 1761 982 petivit,
1819 936 1945 974 occisa

471 1000 634 1045 denique
663 1010 807 1043 sorore,
838 999 945 1036 cuius
972 1000 1240 1046 patrimonium
1272 1000 1442 1047 arripere
1472 999 1612 1045 studet,
1648 1012 1670 1036 a
1698 999 1945 1047 Cyzicenis

471 1064 683 1110 indignatis
713 1067 751 1101 et
770 1064 976 1102 Nicomede
997 1075 1080 1101 cum
1108 1064 1156 1101 iis
1185 1065 1385 1102 coniuncto
1416 1065 1567 1112 cogitur
1596 1065 1740 1111 fugere.
1781 1064 1946 1102 Videtur

474 1129 596 1175 igitur
629 1127 806 1176 Cyziceni
852 1129 1047 1166 cuiusdam
1081 1131 1253 1167 narratio
1282 1130 1391 1167 nobis
1421 1141 1502 1167 esse
1530 1133 1683 1167 servata
1709 1130 1815 1167 velut
1842 1131 1947 1168 illius

472 1195 611 1232 Teucri
641 1194 879 1242 Cyziceni‚2)
919 1193 1000 1231 sive
1029 1193 1196 1232 Granius
1240 1196 1338 1232 hunc
1367 1196 1491 1243 ipsum
1522 1200 1611 1232 ante
1640 1196 1769 1232 oculos
1797 1195 1943 1240 habuit,

475 1260 557 1298 sive
587 1264 783 1297 auctorem
812 1260 860 1297 ad
887 1260 994 1297 illum
1022 1260 1244 1297 redeuntem
1274 1264 1423 1299 secutus
1452 1265 1519 1298 est.

580 1324 656 1363 Sed
684 1326 781 1362 hanc
811 1325 1097 1372 digressionem,
1128 1326 1276 1363 etiamsi
1297 1325 1483 1373 Cyziceno
1503 1326 1683 1373 scriptori
1708 1337 1791 1363 eam
1821 1325 1949 1363 deberi

477 1390 744 1434 concedamus,
788 1394 915 1427 tamen
951 1390 1243 1428 admirationem
1278 1392 1386 1428 nobis
1415 1402 1565 1429 movere
1592 1392 1847 1428 necessarium
1877 1394 1948 1428 est.

475 1456 611 1502 Neque
631 1456 729 1492 enim
749 1459 921 1502 apparet,
945 1466 1012 1493 cur
1030 1456 1127 1493 hanc
1146 1456 1306 1493 maxime
1325 1457 1549 1494 Licinianus
1569 1456 1722 1503 dignam
1743 1456 1948 1503 putaverit,

474 1532 584 1567 quam
613 1521 721 1568 operi
751 1532 817 1557 suo
845 1521 1044 1558 insereret.
1101 1520 1202 1558 Casu
1243 1532 1328 1558 mea
1362 1522 1513 1568 quidem
1548 1522 1737 1559 sententia
1766 1522 1948 1559 accidisse

473 1598 547 1623 non
576 1590 720 1633 potest,
756 1590 799 1623 ut
826 1597 888 1624 res
916 1586 1143 1634 Bithynicas
1171 1587 1336 1634 scriptor
1364 1587 1483 1623 multo
1513 1587 1703 1633 copiosius
1733 1591 1946 1630 enarraret,

474 1662 585 1697 quam
606 1662 734 1689 omnes
754 1656 900 1689 ceteras
920 1663 992 1690 res,
1031 1651 1151 1689 Certa
1170 1653 1298 1699 potius
1318 1653 1428 1689 huius
1446 1652 1609 1689 rationis
1631 1663 1745 1690 causa
1765 1652 1949 1698 quaedam

474 1717 625 1753 videtur
653 1728 735 1754 esse
765 1717 998 1763 quaerenda,
1042 1728 1115 1764 qua
1156 1718 1194 1754 in
1230 1729 1271 1755 re
1304 1722 1433 1755 utrum
1461 1718 1526 1755 ille
1556 1718 1595 1754 in
1624 1717 1810 1764 Bithynia
1839 1721 1950 1754 natus

474 1793 520 1819 an
549 1783 777 1828 magistratu
804 1783 956 1819 functus
985 1783 1047 1826 sit,
1077 1783 1116 1819 in
1137 1783 1260 1820 medio
1280 1783 1465 1829 relinquo.
1505 1782 1678 1820 Tametsi
1697 1783 1819 1829 igitur
1839 1782 1950 1819 nobis

473 1858 548 1884 non
576 1848 668 1884 licet
696 1848 958 1894 quaestionem
986 1848 1034 1885 ad
1061 1848 1173 1885 finem
1201 1848 1428 1895 perducere,
1464 1852 1591 1885 tamen
1621 1849 1832 1894 quicunque
1860 1859 1950 1894 pro-

473 1913 679 1959 prietatem
708 1917 746 1950 et
774 1913 1058 1960 dispositionem
1087 1914 1212 1960 operis
1240 1913 1433 1951 Liciniani
1462 1924 1691 1959 cognoscere
1721 1913 1825 1957 vult,
1869 1913 1950 1950 eius

474 1978 604 2024 magni
633 1979 795 2016 interest
824 1979 870 2015 de
899 1979 971 2017 hoc
999 1979 1234 2025 fragmento,
1279 1979 1376 2025 quod
1406 1979 1566 2025 Madvig
1600 1978 1740 2015 iniuria
1767 1978 1950 2024 neglexit,

476 2043 764 2090 diligentissime
794 2055 991 2090 quaerere.
1958 2034 1961 2037 ’

578 2404 605 2449 ¹)
633 2403 671 2439 Si
697 2403 764 2439 col.
790 2404 823 2439 A
852 2407 893 2440 12
920 2404 1120 2449 probamus
1157 2403 1269 2439 Keilii
1306 2403 1555 2439 coniecturam
1585 2402 1726 2447 ‘Hagne
1753 2401 1954 2448 Cyzicena'.

479 2461 585 2498 Pertz
611 2463 702 2507 legit
727 2462 844 2498 ‘Hane
869 2463 1073 2499 Sicheana'.

576 2523 604 2563 2)
629 2522 684 2558 De
704 2534 776 2568 quo
794 2523 839 2558 cf.
858 2522 1042 2559 Susemihl
1058 2522 1212 2567 „Gesch.
1233 2522 1266 2557 d.
1282 2522 1419 2567 griech.
1433 2522 1520 2558 Litt.
1533 2522 1572 2557 in
1591 2522 1656 2557 der
1668 2520 1956 2557 Alexandrincr-

478 2582 570 2617 zeit“
599 2582 633 2617 II
660 2593 695 2627 p.
723 2585 788 2618 37ss
817 2582 898 2618 adn.
929 2586 1005 2620 159.
