2066 3448
969 380 1260 421 -22-

385 509 547 546 maxime
590 506 968 545 animadvertendum
1011 509 1071 543 est
1113 516 1197 543 eum
1238 509 1369 543 tacere
1412 506 1457 543 de
1490 510 1620 543 statua
1664 517 1687 543 a
1715 505 1861 544 Granio

381 576 687 617 commemorata,
717 571 951 617 eundemque
979 570 1081 617 quod
1101 570 1226 618 ipsum
1255 581 1403 617 quoque
1430 571 1558 617 magni
1577 573 1759 609 momenti
1789 575 1861 615 est,

382 638 484 676 Iovis
504 637 673 685 Olympii
693 637 890 682 colossum,
921 635 967 673 de
989 645 1060 682 quo
1088 634 1128 672 in
1147 645 1312 672 excursu
1329 634 1352 671 Ι
1371 635 1545 682 pluribus
1573 636 1860 684 disputabimus,

381 713 538 750 prorsus
567 701 717 739 silentio
746 699 1032 748 praeterisse.²)

524 766 635 805 Unde
653 766 868 803 luculenter
889 768 1050 812 apparet
1066 763 1204 802 Granii
1223 764 1424 801 historiam
1443 775 1518 802 non
1538 776 1622 802 esse
1642 771 1861 814 excerptam

379 843 427 869 ex
455 831 546 869 solis
574 831 678 868 Livii
705 830 825 868 libris.
882 829 1050 867 Maxime
1078 831 1205 867 autem
1235 828 1443 867 cavendum
1473 833 1548 874 est,
1591 840 1638 867 ne
1682 841 1728 868 ex
1755 831 1863 869 Livii

381 897 535 934 silentio
567 895 793 942 colligamus
836 895 951 932 etiam
980 894 1185 941 Polybium
1214 894 1359 931 nullam
1388 897 1601 931 statuarum
1632 896 1861 933 mentionem

378 961 524 1005 fecisse,
556 964 668 1007 atque
689 963 910 1006 excerptum
939 959 1063 1007 ipsum
1081 958 1347 1007 Polybianum‚
1379 958 1479 1005 quod
1505 958 1555 995 ad
1574 970 1642 996 nos
1671 961 1858 1008 pervenit,

379 1037 453 1063 non
480 1026 670 1072 integrum
701 1035 785 1063 esse
813 1025 928 1062 facile
957 1025 1170 1071 intelleges,
1201 1024 1233 1062 si
1253 1023 1293 1061 id
1322 1023 1607 1070 comparaveris
1636 1035 1721 1062 cum
1750 1025 1863 1063 Livio

378 1091 555 1128 uberiora
583 1090 797 1128 exhibente.
836 1089 1092 1137 Quamobrem
1121 1100 1198 1127 non
1226 1089 1399 1136 cogimur
1427 1091 1598 1127 statuere
1617 1088 1862 1128 Licinianum

378 1167 401 1193 a
429 1155 593 1202 Polybio
623 1155 731 1192 fonte
760 1155 990 1192 discessisse.

522 1220 654 1266 Neque
683 1220 800 1257 aliter
828 1219 994 1257 fortasse
1023 1219 1266 1256 iudicandum
1295 1222 1354 1256 est
1397 1219 1443 1255 de
1485 1218 1631 1265 verbis,
1675 1229 1772 1265 quae
1800 1230 1864 1257 se-

378 1290 567 1332 quuntur,
610 1286 674 1322 ubi
719 1285 847 1332 agitur
884 1285 929 1322 de
959 1286 1058 1323 Iovis
1088 1283 1259 1332 Olympii
1286 1285 1427 1332 templo
1455 1284 1700 1322 Atheniensi.
1757 1284 1865 1330 Quod

378 1351 453 1388 iam
483 1362 505 1387 a
534 1349 740 1388 Pisistrato
769 1350 977 1397 inceptum,
1021 1349 1233 1396 perfectum
1282 1349 1430 1387 demum
1473 1360 1556 1386 esse
1585 1350 1632 1386 ab
1662 1349 1863 1387 Hadriano

378 1416 480 1454 inter
509 1426 639 1453 omnes
669 1418 831 1452 constat.
844 1414 874 1461 2)

523 1480 759 1517 Antiochum
806 1478 1048 1526 Epiphanem
1104 1478 1191 1515 huic
1238 1478 1379 1526 templo
1427 1478 1662 1516 aedificando
1722 1478 1863 1515 favisse

379 1545 552 1583 breviter
581 1548 853 1582 commemorat
879 1543 1016 1592 Polyb.
1046 1541 1193 1588 XXVI,
1219 1545 1250 1588 1,
1277 1544 1324 1579 lO
1355 1546 1394 1580 et
1424 1544 1492 1581 ll:
1537 1542 1573 1579 ἐν
1604 1542 1643 1580 δὲ
1670 1544 1746 1584 ταῖς
1774 1543 1863 1592 πρὸς

382 1610 446 1651 τὰς
473 1609 594 1650 πόλεις
621 1608 758 1650 θυσίαις
787 1609 847 1647 καὶ
875 1609 950 1649 ταῖς
976 1607 1065 1658 πρὸς
1091 1607 1173 1648 τοὺς
1201 1607 1309 1648 θεοὺς
1336 1609 1452 1657 τιμαῖς
1480 1607 1615 1649 πάντας
1640 1607 1861 1658 ὑπερέβαλλε

377 1676 461 1717 τοὺς
475 1673 771 1725 βεβασιλευκότας
788 1675 914 1711 -τοῦτο
936 1672 1012 1710 δ’ἅν
1027 1688 1078 1715 τις
1097 1673 1315 1723 τεκμήραιτο
1337 1674 1378 1711 ἔκ
1395 1687 1436 1710 τε
1455 1675 1517 1710 τοῦ
1537 1674 1620 1723 παρ’
1643 1672 1862 1723 Ἀθηναίους

382 1739 612 1790 Ὀλυμπιείου
629 1739 689 1778 καὶ
704 1742 776 1777 τῶν
786 1738 867 1789 περὶ
885 1738 945 1776 τὸν
963 1738 999 1775 ἐν
1008 1737 1118 1788 Δήλῳ
1128 1739 1250 1788 βωμὸν
1267 1737 1539 1788 ἀνδριάντων-
1553 1743 1592 1776 et
1609 1750 1692 1775 eum
1708 1742 1862 1776 secutus

377 1806 462 1844 Liv.
491 1805 596 1848 XLI,
629 1805 747 1850 20‚8:
793 1803 1110 1851 ‘magnificentiae
1137 1814 1228 1842 vero
1262 1803 1302 1840 in
1337 1803 1426 1840 deos
1460 1804 1522 1841 vel
1556 1803 1661 1841 Iovis
1690 1802 1862 1852 Olympii

380 1871 563 1918 templum
583 1870 764 1915 Athenis,
795 1881 910 1906 unum
935 1869 977 1906 in
1005 1869 1119 1906 terris
1148 1869 1367 1906 inchoatum
1396 1880 1465 1916 pro
1494 1869 1759 1915 magnitudine
1789 1868 1860 1914 dei,

378 1940 507 1983 potest
535 1936 648 1973 testis
667 1946 768 1977 esse3
799 1935 864 1972 sed
885 1938 923 1972 et
942 1934 1063 1971 Delon
1083 1933 1161 1971 aris
1189 1933 1406 1980 insignibus
1435 1936 1724 1980 statuarumque
1752 1933 1863 1980 copia

384 2001 607 2038 exornavit'.
652 2000 711 2037 Ex
733 1999 934 2037 Liciniano
962 1999 1084 2046 igitur
1111 1998 1198 2046 plus
1227 1998 1460 2047 discimus.3)
1506 1998 1633 2036 Verba
1662 1999 1744 2036 eius
1775 1998 1863 2035 ‘lam

378 2066 575 2104 columnas
630 2065 776 2112 aliquot
830 2064 981 2112 diptero
1036 2064 1349 2101 circumdederat'
1398 2065 1522 2101 lucem
1575 2063 1770 2111 accipiunt
1817 2074 1863 2100 ex

387 2130 571 2169 Vitruvio
600 2129 683 2168 VH
711 2129 834 2176 praef.
859 2130 919 2174 15,
949 2130 1013 2176 qui
1040 2129 1114 2166 iam
1145 2128 1342 2166 Antiocho
1371 2128 1432 2167 IV
1460 2140 1552 2175 rege
1596 2132 1752 2176 sumptu
1781 2128 1863 2165 eius

380 2195 600 2234 Cossutium
643 2195 763 2232 civem
792 2195 1005 2232 Romanum
1047 2193 1239 2242 duplicem
1266 2194 1457 2241 porticum
1487 2193 1723 2231 exstruxisse
1752 2193 1863 2230 testis

521 2318 547 2363 ²)
575 2316 673 2353 Sane
697 2317 832 2352 mirum
856 2317 894 2351 in
919 2316 1070 2352 modum
1094 2316 1259 2352 Babelon
1285 2315 1326 2361 (l.
1353 2326 1383 2351 c.
1409 2327 1445 2361 p.
1462 2315 1559 2352 XCV
1585 2316 1712 2361 supra)
1739 2315 1862 2351 locum

378 2376 588 2422 Livianum,
626 2377 690 2422 qui
715 2378 771 2412 est
798 2376 843 2411 de
868 2376 1007 2421 templo
1033 2375 1131 2411 Iovis
1159 2375 1382 2421 Capitolini,
1419 2375 1656 2411 referendum
1680 2377 1790 2420 putat
1816 2374 1864 2411 ad

380 2436 508 2471 Iovem
528 2435 741 2482 Olympium
758 2435 1009 2481 Nicephorum
1034 2438 1074 2470 in
1092 2434 1226 2481 oppido
1245 2435 1403 2481 Daphne
1421 2434 1574 2478 cultum,
1599 2434 1725 2470 Iovem
1750 2434 1864 2479 igitur

379 2494 630 2540 Capitolinum
669 2497 705 2531 et
732 2494 944 2540 Olympium
983 2496 1110 2530 censet
1136 2493 1294 2528 eundem
1320 2495 1417 2529 esse!
1445 2514 1490 2518 —
1515 2492 1571 2528 De
1596 2493 1735 2538 templo
1762 2492 1861 2528 Iovis

379 2553 635 2599 Capitolini
660 2553 703 2589 cf.
733 2553 769 2590 C.
799 2553 839 2592 O.
859 2553 993 2589 Miiller
1021 2553 1294 2599 „Antiquitates
1312 2552 1590 2588 Antiochenae“
1619 2551 1735 2597 (Gott.
1756 2553 1861 2596 1839)

378 2623 413 2657 p.
442 2625 486 2649 ao
513 2624 568 2659 sq.
838 2625 840 2627 ·

525 2673 552 2716 2)
584 2671 830 2717 Gregorovius
859 2672 956 2717 „Der
973 2670 1107 2707 Kaiser
1124 2671 1312 2706 Hadrian“
1334 2671 1487 2717 (Stuttg.
1509 2672 1611 2716 1884)
1639 2682 1673 2716 p.
1692 2672 1762 2706 478
1779 2680 1860 2715 sqq.

523 2730 552 2775 3)
578 2732 634 2767 Ac
659 2733 784 2767 tamen
802 2732 951 2777 Madvig
976 2742 1012 2777 p.
1029 2732 1097 2767 401
1125 2730 1210 2766 adn.
1229 2730 1289 2766 hic
1307 2741 1456 2776 quoque
1474 2730 1615 2766 iudicat
1631 2729 1863 2765 Licinianum

378 2787 541 2834 pendere
568 2800 612 2824 ex
637 2789 752 2827 Livio.
