2066 3448
748 414 1035 454 —45—

264 539 321 575 Ac
339 548 386 575 ne
409 538 465 575 ita
483 538 630 584 quidem
650 539 712 576 hic
731 542 941 586 temporum
970 551 1077 577 error
1095 540 1277 587 explicari
1304 543 1442 586 potest,
1470 543 1512 577 ut
1540 551 1624 577 eum

159 606 283 640 ortum
312 606 485 649 putemus
514 603 601 640 inde
630 604 726 649 quod
756 602 924 641 Granius
952 605 1049 641 illud
1077 605 1314 641 enuntiatum
1350 616 1396 642 ex
1431 605 1536 641 fonte
1564 616 1623 642 se-

160 666 339 704 cundario
369 668 546 714 sumpsit:
590 679 676 704 nam
718 669 779 705 hic
810 679 894 705 eum
921 669 995 705 iam
1024 669 1062 706 in
1093 681 1124 706 a.
1157 670 1231 706 651
1262 669 1374 718 (103)
1403 669 1622 706 deduxerat.

157 730 358 769 Postremo
377 732 449 768 iam
472 733 843 770 commemoravimus
863 733 1113 777 Licinianum,
1134 745 1217 770 cum
1233 733 1453 780 Pompeium
1475 737 1623 771 sextum

157 800 197 832 et
224 796 444 833 vicesimum
481 808 618 833 annum
661 801 835 843 agentem
878 797 1173 844 triumphavisse
1214 798 1362 842 tradat,
1406 802 1448 835 ut
1477 802 1624 836 ceteros

159 860 366 907 scriptores
395 871 492 898 anno
523 861 598 898 648
627 861 740 909 (106)
769 866 897 899 natum
927 873 1008 899 esse
1036 861 1259 909 Pompeium
1288 863 1517 900 narravisse.

262 923 459 971 Sequitur,
502 929 545 962 ut
591 927 707 963 verba
748 926 787 962 in
829 927 1001 971 margine
1042 928 1217 974 apposita
1257 927 1469 974 posteriore
1511 938 1623 964 manu

162 989 295 1026 addita
324 1001 406 1027 esse
434 994 619 1038 putemus.
676 990 785 1028 Haec
811 990 886 1027 iam
914 990 1085 1037 Bernays
1124 995 1162 1028 et
1189 991 1398 1028 Mommsen
1434 993 1624 1029 censuisse

159 1055 356 1100 videntur;
404 1066 630 1102 quamquam
672 1067 718 1093 ex
745 1055 892 1092 Pertzii
926 1056 1055 1093 verbis
1099 1055 1237 1104 (praef.
1269 1068 1305 1103 p.
1336 1056 1436 1094 XVI
1465 1057 1550 1093 adn.
1582 1056 1624 1104 2)

162 1119 420 1165 colligendum
449 1123 508 1157 est
536 1120 623 1157 illos
651 1122 767 1157 verba
786 1120 964 1157 ‘Rutilius
994 1131 1067 1158 cos.
1113 1121 1259 1167 collega
1281 1121 1424 1158 Manili'
1455 1121 1624 1158 insiticia

159 1183 410 1229 existimasse,
453 1184 519 1222 sed
560 1184 674 1222 Pertz
715 1185 876 1222 fortasse
918 1196 994 1222 non
1034 1188 1139 1222 recte
1182 1186 1390 1231 intellexit,
1433 1186 1526 1232 quid
1566 1186 1623 1222 illi

159 1248 360 1286 voluerint.
372 1248 401 1298 ¹)

264 1313 453 1360 Madvigii
482 1317 606 1350 autem
636 1314 852 1351 coniectura
873 1315 986 1351 ‘solus
1006 1314 1240 1365 supere[rat]
1272 1316 1400 1361 itaque
1421 1314 1514 1353 cum'
1535 1326 1623 1352 num

160 1377 206 1415 ad
244 1389 375 1415 verum
404 1379 576 1424 accedat,
630 1378 770 1416 dubito.
828 1379 1123 1417 Praeferendum
1147 1386 1149 1389 “
1171 1391 1251 1418 6336
1298 1381 1467 1425 videtur,
1524 1380 1624 1427 quod

160 1442 386 1479 Hirschfeld
407 1443 500 1480 mihi
521 1444 812 1481 commendavit:
844 1445 958 1481 ·s01us
982 1445 1222 1493 sub[u]r[b]e
1240 1444 1518 1494 po[s]it(us)'2)‚
1540 1456 1622 1482 cum

164 1508 311 1553 ‘aeque’
340 1508 386 1544 ab
416 1508 552 1554 ‘atque'
582 1519 656 1546 non
675 1509 926 1555 separandum
946 1510 1170 1547 vocabulum
1191 1510 1376 1547 enuntiati
1393 1510 1432 1546 in
1451 1510 1623 1556 margine

162 1572 321 1619 ascripti
349 1583 431 1609 6336
459 1576 585 1619 putet:
622 1583 739 1620 eoque
767 1574 1075 1620 praeferendum,
1118 1574 1218 1620 quod
1260 1575 1330 1612 1106
1358 1575 1621 1622 supplemento

161 1636 312 1673 litterae
340 1636 507 1674 traditae
536 1637 751 1674 accuratius
785 1642 986 1675 servantur
1020 1649 1130 1684 quam
1160 1638 1347 1685 Madvigii
1390 1640 1621 1684 coniectura,

161 1712 236 1748 qua
263 1701 465 1738 nonnullae
493 1702 645 1739 litterae
673 1702 973 1751 negleguntur.³)

263 1766 309 1803 In
338 1778 383 1803 ea
411 1771 530 1813 parte,
561 1767 607 1804 de
636 1778 710 1814 qua
736 1778 833 1804 nunc
863 1767 1092 1812 disserimus,
1120 1768 1362 1805 Licinianum
1392 1769 1439 1806 ad
1458 1769 1622 1816 priorem

159 1830 325 1876 fontem,
367 1830 528 1869 fortasse
555 1830 797 1869 Posidonium
838 1832 899 1869 vel
927 1831 1169 1877 Strabonem,
1211 1834 1356 1871 redisse
1397 1834 1472 1871 iam
1509 1845 1624 1882 supra

160 1896 433 1933 admonuimus.
480 1897 585 1944 Quae
613 1901 746 1944 postea
774 1896 994 1941 afferuntur,
1022 1909 1122 1935 nova
1150 1898 1297 1946 sunt:4)
1326 1898 1509 1943 Rutilius,
1539 1910 1622 1936 cum

158 1960 296 1998 horror
311 1959 522 1998 Cimbricus
540 1961 579 1998 in
599 1972 726 1998 omnes
744 1961 957 2007 invasisset,
978 1962 1147 2000 iuniores
1166 1963 1412 2001 iureiurando
1433 1964 1622 2010 astringit,

161 2036 208 2062 ne
236 2036 282 2062 cx
309 2025 426 2062 Italia
455 2026 655 2070 excedant-;
698 2029 876 2073 praetera
919 2031 1024 2064 vetat
1064 2028 1233 2065 homines
1274 2028 1438 2065 minores
1467 2028 1623 2066 XXXV

161 2100 340 2127 annorum
370 2091 411 2127 111
438 2101 572 2127 navem
607 2091 737 2137 recipi.
793 2091 901 2139 Quae
931 2092 1073 2136 edicta,
1116 2103 1182 2129 cur
1210 2093 1259 2130 ad
1287 2094 1434 2139 equites
1461 2097 1622 2138 tantum,

158 2163 230 2192 non
260 2155 308 2192 ad
336 2166 464 2192 omnes
491 2155 660 2192 iuniores
690 2156 916 2202 pertinuisse
945 2162 1098 2193 censeat
1126 2156 1221 2194 Ihne
1251 2158 1310 2205 (R.
1340 2157 1386 2196 G.
1419 2159 1449 2195 V
1480 2170 1514 2205 p.
1549 2159 1622 2195 180

158 2219 243 2256 adn.
277 2218 328 2268 1),
359 2219 529 2265 equidem
570 2231 645 2256 non
679 2220 808 2257 video:
851 2221 951 2266 quod
991 2222 1096 2267 prius
1139 2222 1238 2259 bello
1281 2234 1364 2260 cum
1404 2222 1622 2260 Hannibale

157 2287 268 2330 gesto
296 2284 521 2331 imperatum
551 2288 620 2329 est,
650 2284 711 2321 hic
739 2285 833 2321 nihil
861 2285 1009 2332 probat.

264 2348 340 2385 His
367 2349 494 2386 verbis
523 2348 778 2395 fragmentum
806 2349 955 2387 desinit.

254 2517 287 2598 ¹}
307 2517 428 2600 {titan
445 2518 526 2554 edd.
545 2519 661 2555 Bonu.
679 2530 714 2565 p,
734 2523 775 2556 21
795 2519 990 2556 adnotant:
1016 2520 1097 2556 ‘hoc
1115 2541 1158 2545 —
1175 2520 1301 2557 Cicero
1320 2521 1513 2566 'glossema
1529 2522 1623 2558 iudi—

158 2574 270 2599 carun
343 2592 352 2600 .
415 2592 423 2601 .

257 2612 287 2655 2)
312 2610 516 2647 Mommsen
539 2624 682 2648 mecum
708 2614 1006 2649 communicavit:
1034 2614 1157 2660 ‘super
1180 2614 1399 2661 rep(ublica)
1418 2615 1622 2652 sollicitus?

257 2658 286 2701 ⁸)
312 2658 526 2694 Hirschfeld
549 2660 722 2704 Madvigii
747 2662 993 2697 coniectusam
1017 2661 1184 2706 inprimis
1208 2661 1357 2705 refutat,
1394 2663 1490 2709 quod
1522 2665 1623 2699 ante-

160 2704 328 2740 cedentia
344 2706 458 2741 verba
477 2706 555 2742 ‘Cn.
572 2707 743 2743 Manilius
761 2728 804 2733 —
824 2708 971 2744 eiectus‘
998 2719 1071 2743 non
1090 2707 1216 2744 Granii
1234 2720 1314 2745 esse
1333 2709 1398 2745 sed
1414 2710 1488 2746 alia
1512 2721 1624 2746 manu

159 2752 218 2787 hic
241 2753 382 2788 inserta
406 2764 488 2788 esse
511 2756 646 2790 censet.

256 2801 282 2844 ⁴)
309 2799 404 2845 Alia,
430 2811 526 2846 quae
550 2800 709 2837 Rutilius
735 2803 904 2848 imperat,
930 2802 1043 2838 tradit
1068 2803 1147 2839 Val.
1174 2803 1268 2840 Max.
1294 2803 1342 2847 II,
1367 2806 1400 2849 3,
1427 2807 1457 2840 2.
