2066 3448
985 425 1275 465 -62—

407 552 564 597 videtur,
610 555 652 588 ut
679 551 884 588 Mommsen
929 551 988 599 (R.
1020 550 1067 588 G.
1096 550 1140 588 II
1168 562 1203 597 p.
1235 550 1328 598 310)
1357 551 1459 595 vult,
1504 551 1600 598 quod
1629 550 1731 599 App.
1763 561 1793 587 c.
1823 551 1870 588 67

407 616 503 664 (fin.)
532 616 664 652 habet:
696 614 827 656 Κίννας
856 614 1057 664 ἐπιπέμψας
1077 614 1258 665 Ἀρίμινον
1288 615 1474 664 κατέλαβε,
1505 617 1566 653 τοῦ
1593 615 1643 665 μή
1672 630 1747 652 τινα
1767 630 1872 664 στρα-

405 680 478 718 τιὰν
508 680 544 721 ἐς
571 680 634 729 τὴν
663 679 763 717 πόλιν
794 679 957 717 ἐπελθεῖν
987 679 1028 718 ἐκ
1056 682 1120 729 τῆς
1148 679 1309 728 ὑπηκόου
1340 678 1526 727 Γαλατίας,
1563 681 1628 717 ubi
1656 691 1784 717 rerum
1813 692 1871 718 01‘·

407 746 492 782 dine
521 749 683 782 testatur
703 746 913 782 Ariminum
942 751 1028 791 post
1048 746 1363 792 expugnationem
1384 744 1516 782 Ostiae
1545 749 1659 791 atque
1682 746 1755 782 iam
1786 748 1873 782 ante

407 821 567 857 pugnam
604 811 643 846 in
672 809 853 847 Janiculo
882 811 1023 847 factam
1064 813 1175 856 parte
1219 810 1382 846 militum
1425 820 1467 846 eo
1511 810 1624 847 missa
1663 810 1702 846 in
1731 810 1873 847 Cinnae

405 878 632 922 potestatem
675 875 869 913 redactam
899 886 992 912 esse.
1048 875 1250 912 Postrema
1293 875 1391 911 enim
1433 875 1553 912 verba
1580 874 1770 912 Liciniani
1811 875 1873 911 in—

406 940 620 987 tellegenda
663 944 751 977 sunt
794 941 839 977 de
869 939 1062 989 Servilii1)
1092 941 1307 978 exercitu
1343 951 1367 977 a
1395 939 1521 977 Mario
1564 940 1603 976 in
1646 939 1873 977 deditionem

406 1008 576 1052 accepto,
606 1016 679 1042 non
709 1005 754 1042 de
783 1005 973 1042 deditione
1004 1005 1141 1043 urbis.
1197 1005 1334 1051 Itaque
1375 1015 1448 1042 non
1480 1004 1580 1041 omni
1608 1004 1875 1050 probabilitate

405 1069 573 1106 arbitror
602 1081 731 1107 carere
769 1071 1023 1107 coniecturam
1054 1069 1285 1107 Franckenii
1320 1069 1373 1117 (p.
1407 1069 1513 1117 256),
1559 1070 1622 1115 qui
1664 1080 1708 1106 ex
1749 1069 1876 1106 verbis

408 1133 614 1172 Granianis
657 1135 850 1172 concludit
877 1134 1079 1173 Servilium
1109 1134 1290 1172 Cinnanis
1318 1135 1531 1171 Ariminum
1566 1145 1695 1171 rursus
1730 1134 1876 1181 eripere

406 1200 581 1243 voluisse,
611 1201 676 1237 sed
706 1211 728 1237 a
747 1200 869 1238 Mario
899 1202 945 1238 ab
966 1201 1060 1237 urbe
1091 1211 1171 1237 esse
1201 1200 1404 1247 repulsum.
1444 1198 1540 1236 Tum
1562 1203 1687 1235 autem
1716 1202 1876 1246 apparet

405 1265 644 1302 Licinianum
666 1266 704 1302 in
724 1267 853 1312 priore
874 1265 1106 1303 narrationis
1126 1265 1319 1312 particula
1340 1265 1559 1301 memoriam
1580 1264 1877 1311 oppugnationis

406 1330 508 1367 illius
537 1330 679 1377 oppidi,
710 1341 821 1376 quam
843 1334 885 1367 ut
904 1341 950 1367 ex
970 1330 1152 1377 Appiano
1175 1329 1448 1376 cognoscimus,
1479 1332 1612 1366 auctor
1632 1329 1667 1366 ei
1686 1328 1877 1376 praebuit,

404 1395 717 1441 praetermisisse.

512 1460 701 1497 Graviora
743 1464 832 1496 sunt
873 1459 922 1496 ad
964 1459 1087 1497 fontes
1115 1459 1362 1505 inquirendos
1399 1470 1496 1506 quae
1524 1462 1747 1505 sequuntur.
1802 1459 1876 1496 Au-

406 1525 527 1562 dimus
556 1525 754 1562 Metellum
791 1536 873 1562 cum
902 1524 1135 1562 Samnitibus
1165 1525 1210 1561 de
1239 1535 1331 1571 pace
1361 1525 1507 1570 egisse,
1552 1528 1723 1561 senatum
1751 1527 1877 1561 autem

408 1590 658 1636 condiciones,
690 1601 783 1636 quas
812 1589 1000 1627 Samnites
1029 1590 1210 1634 tulerant,
1240 1589 1472 1636 repudiasse.
1530 1588 1571 1626 Si
1599 1589 1878 1626 reminiscimur

406 1656 480 1692 iam
510 1656 628 1692 multo
659 1659 748 1692 ante
769 1655 825 1703 (p.
849 1656 897 1692 24
919 1655 953 1691 B
983 1656 1005 1691 9
1026 1655 1102 1703 sq.)
1132 1666 1200 1691 nos
1219 1654 1404 1701 scriptum
1424 1654 1556 1691 videre
1576 1654 1726 1690 Metelli
1752 1657 1878 1690 castra

405 1722 443 1757 in
471 1721 681 1767 propinquo
724 1720 830 1757 urbis
872 1721 1008 1765 fuisse,
1051 1731 1181 1757 rursus
1223 1730 1360 1757 nexum
1395 1730 1521 1756 rerum
1552 1719 1732 1756 habemus
1760 1719 1878 1756 inter-

406 1790 571 1833 ruptum.
610 1784 743 1832 Atque
764 1786 885 1822 denuo
906 1796 981 1822 non
1003 1786 1111 1822 abest
1130 1785 1306 1832 suspicio,
1339 1784 1426 1831 quin
1456 1785 1571 1821 etiam
1590 1784 1685 1821 haec
1704 1784 1878 1821 habenda

407 1852 480 1889 sint
509 1851 769 1888 additamenta
797 1854 947 1898 sumpta
976 1862 1021 1888 ex
1041 1850 1268 1888 subsidiario
1298 1850 1364 1887 illo
1387 1849 1505 1894 fonte,
1536 1860 1646 1896 quem
1666 1849 1742 1886 iam
1761 1849 1878 1886 semel

407 1916 593 1954 Granium
638 1916 855 1953 adhibuisse
897 1927 1013 1963 supra
1056 1916 1230 1953 vidimus.
1286 1915 1333 1952 In
1363 1915 1590 1953 enarrandis
1632 1917 1759 1952 autem
1788 1925 1877 1951 con-

409 1982 619 2019 dicionibus
673 1981 896 2018 Licinianus
966 1981 1106 2028 optime
1175 1981 1362 2018 consentit
1425 1992 1509 2018 cum
1566 1978 1697 2018 Cassio
1753 1979 1878 2017 Dione

410 2049 453 2085 fr.
488 2048 573 2093 100,
597 2047 677 2095 7ς2)
708 2047 754 2084 cf.

706 2135 798 2172 Lic.
1103 2146 1187 2172 cum
1485 2135 1584 2172 Dio.

410 2201 694 2247 Senatusque
730 2212 797 2248 per
825 2201 974 2240 Metelli
1001 2202 1106 2247 lega-
1142 2202 1144 2239 Ι
1182 2232 1189 2239 .
1224 2232 1230 2239 .
1262 2231 1268 2238 .
1302 2231 1310 2238 .
1340 2200 1358 2236 ὁ
1389 2199 1427 2236 δὲ
1463 2199 1530 2246 (se.
1561 2198 1768 2247 Μέτελλος)
1796 2196 1878 2235 τού-

408 2270 468 2303 tOS
498 2267 690 2304 consultus
711 2267 757 2303 de
787 2267 980 2304 voluntate
1000 2265 1106 2302 Sam·
1180 2281 1252 2306 τοις
1281 2264 1346 2302 οὐκ
1375 2263 1583 2301 ἐσπείσατο·
1625 2263 1698 2312 τήν
1726 2277 1771 2300 τε
1799 2262 1877 2312 γὰρ

409 2331 543 2368 uitium
601 2332 675 2378 qui
730 2343 773 2368 se
820 2331 1108 2379 negab[a]nt
1181 2329 1408 2368 πολιτείαν
1437 2328 1585 2379 ἠξίουν
1607 2328 1685 2379 οὐχ
1707 2328 1879 2368 ἑαυτοῖς

410 2396 550 2433 aliter
592 2397 637 2433 in
679 2408 833 2443 pacem
869 2401 1106 2440 venturos,
1182 2395 1326 2443 μόνον,
1357 2394 1468 2432 ἀλλὰ
1488 2394 1667 2434 καὶτοῖς
1691 2392 1878 2443 ηὐτομο-

410 2462 499 2498 nisi
542 2462 713 2499 civitas
755 2462 870 2508 ipsis
919 2466 963 2498 et
1003 2472 1107 2508 per-
1183 2459 1588 2509 ληκὸσιπρὸςσφᾶς
1609 2458 1793 2508 δοθῆναι
1821 2457 1880 2496 καὶ

507 2592 532 2635 1)
559 2591 732 2628 Fortasse
757 2591 796 2627 P.
824 2590 998 2627 Servilius
1024 2590 1143 2631 Vatia,
1183 2589 1245 2635 qui
1283 2590 1412 2634 postea
1450 2588 1634 2623 Isauricus
1672 2586 1879 2633 appellatus

412 2654 476 2694 est,
502 2653 543 2686 ut
567 2651 673 2687 Pertz
700 2651 855 2687 coniecit
881 2650 941 2695 (de
968 2661 1039 2695 quo
1065 2649 1108 2685 cf.
1136 2648 1252 2693 Pauly
1278 2648 1337 2693 VI,
1358 2650 1370 2682 1
1404 2659 1437 2693 p.
1468 2649 1556 2683 1118
1582 2659 1616 2682 n.
1643 2647 1716 2691 40).

506 2711 533 2755 2)
560 2712 656 2756 App.
684 2722 712 2745 c.
740 2712 784 2746 68
823 2709 907 2744 illas
947 2708 1179 2744 condiciones
1216 2718 1289 2742 non
1322 2707 1581 2742 commemorat
1606 2708 1717 2752 atque
1742 2706 1780 2740 in
1804 2704 1882 2739 uni-

412 2781 557 2805 versum
582 2772 725 2805 ‘tantum
752 2769 856 2805 dicit:
883 2767 918 2802 οὐ
939 2767 1175 2815 τυμβαίνονῖος
1194 2765 1229 2800 δὲ
1249 2765 1422 2804 Σαυνίταις
1452 2766 1484 2805 ἐς
1504 2765 1525 2798 ἃ
1549 2766 1648 2812 ᾔτουν
1675 2767 1733 2798 τοῦ
1753 2763 1880 2798 Μετέλ-

411 2829 470 2862 λου
497 2830 567 2863 κτλ.
