2066 3448
812 420 1096 462 „75-

213 549 261 586 82
297 552 335 585 et
370 548 420 585 83
451 547 586 585 docent
615 548 810 585 Fimbriae
840 548 878 585 in
907 549 1001 585 Asia
1032 548 1293 595 expeditiones
1321 547 1527 585 inseruisse
1556 548 1679 585 inter

210 623 375 660 pugnam
404 612 503 659 apud
531 611 807 650 Orchomenum
837 613 1071 650 commissam
1102 617 1140 650 et
1169 624 1299 659 pacem
1319 612 1495 650 Dardani
1523 613 1678 651 factam.

210 678 315 724 Ergo
356 677 511 715 Livium
553 677 752 715 Liciniano
801 678 999 714 materiam
1045 678 1268 725 praebuisse
1318 678 1433 715 etiam
1475 678 1546 715 hoc
1592 678 1675 716 loco

208 742 461 788 redarguitur.

314 805 375 843 Ex
425 806 530 854 pacis
577 809 704 843 autem
753 806 1038 843 condicionibus
1086 817 1161 843 una
1203 806 1376 853 inprimis
1417 806 1578 852 insignis
1621 811 1679 844 est

212 871 268 920 (p.
299 872 348 909 34
377 871 418 908 A
447 873 470 909 2
500 871 616 920 sqq.):
649 871 704 919 ‘Q
736 870 898 919 Oppium
929 876 966 908 et
995 871 1058 908 M!
1079 871 1279 917 Aquilium
1307 872 1457 918 legatos
1476 871 1677 909 redderet'.

210 935 339 973 Ceteri
368 937 464 974 enim
495 937 702 983 scriptores
731 948 860 974 omnes
887 940 1045 973 narrant
1063 937 1127 973 Μ’.
1150 936 1363 983 Aquillium
1391 948 1414 974 a
1434 936 1678 984 Mytilenaeis

210 1001 438 1038 Mithradati
462 1002 647 1039 traditum
677 1007 791 1047 atque
821 1002 866 1038 ab
897 1012 939 1038 eo
960 1000 1199 1038 interfectum
1220 1012 1320 1039 esse:
1350 1000 1454 1048 App.
1475 1001 1605 1038 Mithr.
1629 1002 1676 1038 21

209 1066 276 1115 (cf.
320 1066 436 1104 etiam
466 1078 496 1105 c.
532 1066 624 1114 112)
666 1066 794 1113 prodit
834 1077 964 1112 regem
1007 1077 1091 1103 eum
1126 1067 1164 1103 in
1193 1067 1298 1103 asino
1329 1067 1523 1104 sedentem
1552 1077 1679 1103 secum

212 1130 366 1168 duxisse
394 1135 442 1177 et,
487 1135 531 1168 ut
559 1131 640 1168 eius
669 1131 850 1178 pecuniae
879 1131 1099 1167 aviditatem
1129 1134 1294 1175 notaret,
1323 1135 1516 1178 postremo
1547 1142 1678 1168 aurum

211 1196 460 1242 liquefactum
502 1197 541 1233 in
589 1196 727 1233 collum
772 1196 849 1232 eius
890 1195 1036 1233 infundi
1071 1196 1236 1234 iussisse.
1293 1196 1461 1244 Quocum
1493 1196 1680 1233 consentit

212 1261 312 1298 Plin.
342 1261 432 1299 hist.
461 1265 540 1298 nat.
569 1259 771 1303 XXXIII,
804 1262 864 1303 14,
894 1261 957 1298 48.
1004 1261 1163 1297 Videtur
1191 1271 1282 1298 sane
1310 1261 1405 1298 haec
1433 1262 1599 1297 narratio
1631 1261 1677 1297 ab

211 1326 337 1373 aliquo
385 1326 541 1363 rhetore
594 1336 675 1362 esse
722 1326 887 1363 inventa.
902 1326 930 1374 1)
1001 1325 1210 1363 Secundum
1262 1325 1338 1363 Cic.
1391 1325 1436 1363 de
1476 1326 1564 1372 imp.
1609 1324 1676 1363 Cn.

213 1391 346 1438 Pomp.
379 1393 414 1436 5,
445 1392 490 1428 11
523 1391 589 1428 1110
618 1392 838 1428 verberibus
867 1395 1024 1428 necatus
1055 1395 1125 1428 est.
1181 1391 1314 1437 Neque
1344 1390 1512 1428 dubitari
1539 1394 1678 1437 potest,

211 1457 303 1503 quin
330 1467 410 1504 per
438 1455 525 1493 vim
555 1467 578 1493 a
603 1455 838 1493 Mithradate
858 1468 959 1493 mors
979 1456 1012 1493 ei
1031 1456 1142 1493 illata
1162 1456 1222 1501 sit,
1243 1456 1280 1492 id
1302 1456 1412 1502 quod,
1433 1456 1465 1492 si
1484 1455 1678 1492 Ciceronis

211 1522 252 1570 (1.
284 1522 336 1570 c.)
365 1522 481 1559 verba
509 1521 743 1568 respicimus,
773 1522 914 1558 Romae
943 1521 1177 1558 notissimum
1207 1525 1302 1558 erat.
1314 1520 1344 1567 2)
1400 1521 1458 1557 Ex
1486 1520 1678 1557 Liciniani

210 1591 340 1624 autem
375 1588 608 1633 narratione,
645 1590 688 1624 ut
724 1590 828 1624 recte
856 1587 931 1623 iam
961 1586 1177 1624 observavit
1203 1586 1373 1623 Reinach
1402 1586 1454 1634 (p.
1489 1586 1559 1622 121
1591 1585 1676 1622 adn.

307 1692 334 1737 1)
361 1691 652 1727 Posidonium
678 1692 772 1726 hanc
804 1691 1051 1726 narrationem
1077 1690 1222 1725 novisse
1248 1701 1292 1725 ex
1317 1689 1359 1725 fr.
1385 1693 1427 1725 41
1457 1701 1530 1724 non
1556 1691 1678 1734 potest

214 1751 348 1795 colligi.
398 1751 536 1786 Narrat
564 1751 616 1786 ibi
646 1751 833 1786 Athenion
864 1749 1155 1785 Atheniensibus
1187 1749 1400 1794 turpissime
1425 1748 1632 1794 Aquillium
1657 1759 1679 1783 a.

210 1810 434 1846 Mithradate
472 1821 552 1846 esse
592 1810 840 1846 excruciatum
868 1808 1011 1854 (Μῶμος
1051 1807 1084 1842 δὲ
1124 1808 1306 1847 Ἀκύλλιος
1336 1828 1376 1833 -
1406 1807 1565 1853 συνδέτην
1592 1806 1678 1853 ἔχων

211 1868 326 1903 ἁλύσει
363 1872 472 1916 μακρᾷ
512 1869 710 1915 Βαστάρνην
749 1869 958 1913 πεντάπηχυν
992 1866 1095 1906 πεζὸς
1123 1866 1181 1901 ὑπὸ
1211 1862 1335 1906 ἱππέως
1363 1866 1516 1911 ἕλκεται),
1543 1866 1608 1902 sed
1633 1865 1679 1901 de

213 1929 291 1964 eius
329 1930 447 1964 morte
472 1928 567 1964 nihil
593 1927 752 1963 additur.
803 1927 932 1973 Neque
959 1928 1070 1962 etiam
1096 1926 1325 1969 Posidonius,
1353 1928 1395 1960 ut
1418 1925 1510 1960 falso
1536 1924 1679 1960 Arnold

212 1999 247 2033 p.
277 1990 344 2023 120
369 1987 452 2023 adn.
480 1987 580 2031 dicit,
606 1998 628 2022 a
652 1987 773 2023 Plinio
799 1987 837 2022 in
862 1987 947 2022 libri
973 1989 1016 2022 33
1044 1989 1235 2021 auctorum
1261 1985 1429 2030 catalogo
1455 1985 1678 2020 nominatur.

213 2066 255 2073 --
280 2047 454 2092 Appiano
478 2047 636 2083 fortasse
663 2047 806 2092 Strabo,
833 2046 895 2092 qui
912 2045 1148 2081 Posidonium
1174 2044 1370 2090 supplevit,
1396 2043 1566 2090 praebuit
1583 2043 1678 2078 hanc

210 2106 470 2142 narrationem.

306 2165 332 2210 ²)
360 2164 430 2200 Pro
455 2164 571 2200 nihilo
597 2165 802 2210 putandum
828 2166 894 2209 est,
921 2163 1018 2210 quod
1043 2163 1156 2199 tradit
1181 2163 1280 2198 solus
1298 2161 1406 2201 Diod.
1430 2161 1607 2205 XXXVII,
1634 2162 1677 2196 27

211 2224 432 2271 Aquinium,
470 2225 687 2271 priusquam
723 2235 744 2259 a
768 2223 1000 2269 Mytilenaeis
1028 2222 1241 2267 dederetur,
1277 2222 1400 2267 ipsum
1426 2220 1496 2256 sibi
1520 2221 1678 2255 mortem

213 2283 444 2320 conscivisse.
495 2284 718 2330 Repugnant
756 2284 842 2318 111110
878 2283 1082 2318 narrationi
1121 2292 1202 2317 cum
1239 2281 1309 2316 loci
1335 2291 1448 2325 supra
1472 2279 1577 2314 allati
1600 2281 1679 2314 tum

214 2341 290 2380 Cic.
332 2342 440 2380 Tusc.
465 2343 508 2389 V,
546 2345 578 2388 5,
619 2347 661 2379 14
700 2344 736 2378 et
766 2354 832 2389 pro
859 2342 995 2378 Scauro
1022 2343 1053 2383 3,
1081 2343 1112 2387 2,
1139 2342 1202 2376 11111
1227 2339 1412 2386 Aquillius
1439 2338 1679 2383 vituperatur,

215 2401 314 2448 quod
351 2413 398 2438 ne
437 2403 476 2438 in
520 2403 682 2438 hostium
719 2413 850 2438 manus
888 2401 1079 2443 incideret,
1119 2411 1193 2435 non
1218 2400 1298 2445 ipse
1323 2410 1364 2434 se
1388 2398 1606 2440 necavisset,
1645 2398 1682 2431 et

212 2460 368 2496 Liviana
403 2463 580 2498 memoria
618 2463 709 2507 (per.
747 2463 809 2506 78,
841 2461 920 2496 Val.
945 2460 1038 2496 Max.
1064 2460 1135 2504 IX,
1170 2461 1223 2504 13,
1252 2462 1282 2502 1,
1315 2457 1407 2493 Vell.
1432 2456 1512 2492 Pat.
1536 2456 1582 2501 II,
1611 2457 1681 2500 18),

216 2531 261 2556 ex
300 2531 373 2566 qua
412 2522 559 2567 quidem
598 2520 817 2567 quomodo
850 2521 1016 2555 mortuus
1043 2520 1091 2554 sit
1116 2530 1188 2554 non
1217 2518 1347 2553 elucet.
1396 2515 1527 2551 Busolt
1550 2526 1584 2560 p.
1611 2515 1680 2550 418

216 2580 404 2616 existimat
427 2580 630 2616 Diodorum
655 2580 724 2615 hoc
748 2580 827 2615 1000
846 2578 982 2614 malum
1000 2580 1187 2613 auctorem
1204 2576 1321 2622 sequi,
1346 2574 1547 2611 secundum
1572 2583 1681 2619 quem

212 2638 372 2675 libenter
388 2650 497 2675 neces
516 2640 745 2675 voluntarias
763 2638 978 2673 narraverit.
997 2636 1228 2673 Probabilius
1246 2635 1337 2671 mihi
1354 2634 1498 2669 videtur
1514 2632 1680 2667 Reinach

214 2709 249 2743 p.
278 2700 340 2734 121
369 2698 453 2734 adn.
479 2701 500 2734 2
526 2699 710 2734 conicere:
737 2709 820 2733 cum
845 2697 942 2742 apud
959 2696 1140 2732 Velleium
1166 2696 1210 2731 de
1236 2693 1486 2740 compluribus
1511 2691 1678 2727 hostibus

213 2757 405 2794 tradendis
443 2769 564 2794 sermo
597 2758 661 2800 sit,
698 2757 900 2792 Diodorum
931 2756 1047 2791 videri
1072 2754 1282 2791 confudisse
1307 2752 1511 2800 Aquinium
1536 2752 1680 2796 patrem

213 2826 296 2851 cum
319 2816 394 2852 filio
421 2816 478 2852 vel
505 2817 582 2853 eius
608 2817 731 2863 aliquo
757 2816 908 2860 collega.
