2066 3448
1044 373 1338 414 -30—

451 501 497 537 de
527 500 596 537 illa
624 500 818 537 simultate
854 503 997 546 ageret.
1010 500 1040 548 1>
1095 500 1220 546 Atque
1255 500 1332 538 Dio
1375 504 1415 538 et
1456 500 1625 540 Granius
1666 501 1841 539 maximis
1883 502 1930 539 de

449 564 564 602 rebus
595 564 848 607 consentiunt,
877 564 950 601 nisi
979 563 1079 610 quod
1108 564 1207 601 alter
1234 565 1357 602 altero
1377 564 1462 611 plus
1481 566 1607 604 habet.
1642 566 1751 604 Haec
1779 566 1930 613 singula

449 629 625 666 afferam:
663 628 758 666 Post
786 627 924 665 Scauri
951 628 1097 666 cladem
1126 627 1282 665 Mallius
1309 630 1574 676 proconsulem
1604 630 1850 677 adhortatur,
1886 634 1929 668 ut

451 705 535 731 cum
564 693 709 730 maiore
739 693 911 730 exercitu
941 692 1069 740 copias
1097 703 1185 731 suas
1215 693 1432 740 coniungat.
1489 693 1575 742 Qua
1607 695 1648 732 111
1674 706 1717 733 re
1747 694 1927 742 Granius,

450 770 535 795 cum
565 758 658 796 dicit
688 758 843 795 ‘litteris
872 757 1106 805 supplicibus
1138 756 1294 795 orasset‘
1324 758 1491 796 fortasse
1520 759 1756 806 aliquantum
1775 760 1928 798 modum

448 824 599 870 transit,
629 834 716 860 nam
736 822 839 870 apud
859 822 1024 860 Dionem
1043 822 1270 870 simpliciter
1289 823 1477 870 scriptum
1496 828 1555 861 est
1583 825 1840 875 μετεπέμψατο
1867 825 1929 862 τὸν

449 887 665 938 Σερουίλιον.
697 887 851 936 Caepio,
882 887 952 925 etsi
982 887 1105 935 primo
1130 891 1375 926 recusaverat
1396 888 1521 938 (Dio),
1551 892 1680 927 tamen
1699 889 1926 928 Rhodanum

447 958 712 1001 transgressus
732 957 790 992 est
809 951 928 1002 (Lic.)
948 952 1094 991 veritus
1115 963 1162 990 ne
1180 952 1336 991 Mallius
1356 953 1458 991 solus
1487 953 1560 991 sibi
1589 954 1739 991 laudem
1766 958 1924 1002 pararet

447 1018 557 1067 (Dio)
568 1033 574 1055 :
598 1029 644 1055 ex
652 1017 790 1056 Granii
797 1017 924 1056 verbis
933 1017 1099 1055 dilucide
1108 1018 1369 1064 cognoscimus
1377 1017 1603 1065 Caepionem
1611 1018 1732 1065 primo
1745 1019 1784 1056 in
1793 1019 1928 1057 dextra

449 1083 621 1121 fluminis
637 1083 724 1130 ripa
744 1083 960 1121 constitisse
976 1093 1020 1120 ac
1039 1085 1119 1119 tum
1140 1082 1286 1119 demum
1303 1083 1500 1120 transiisse
1520 1082 1568 1120 ad
1583 1082 1707 1130 ripam
1718 1083 1925 1121 sinistram.

446 1150 531 1196 Qua
559 1159 601 1185 re
630 1148 859 1192 illustratur,
890 1147 990 1194 quod
1009 1147 1085 1185 Dio
1106 1146 1335 1195 Caepionem
1354 1147 1649 1195 respondentem
1679 1148 1773 1186 facit
1791 1149 1928 1186 Mallio

446 1214 523 1263 τὴν
554 1214 717 1251 ἑαυτοῦ
747 1212 922 1263 ἑκάτερον
952 1213 1023 1249 δεῖν
1052 1211 1240 1262 φυλάττειν
1276 1216 1315 1250 et
1357 1213 1527 1250 eiusdem
1569 1214 1688 1251 verba
1730 1212 1789 1251 καὶ
1817 1212 1927 1263 ἦλθε

447 1279 513 1327 μὲν
542 1278 630 1329 πρὸς
659 1277 765 1316 αὐτόν
793 1278 868 1316 iam
898 1278 1099 1315 clariorem
1118 1277 1240 1315 lucem
1269 1278 1473 1326 accipiunt.
1521 1278 1665 1317 Veram
1696 1283 1824 1316 autem
1845 1290 1927 1316 esse

445 1344 641 1382 Liciniani
662 1344 921 1381 narrationem
942 1347 1110 1381 testatur
1129 1343 1245 1380 etiam
1262 1342 1435 1390 Orosius,
1456 1355 1541 1382 cum
1566 1344 1674 1381 dicit:
1697 1344 1928 1392 ‘provincias

447 1410 521 1448 sibi
540 1409 728 1447 Rhodano
748 1408 904 1445 flumine
922 1408 1046 1445 medio
1077 1407 1318 1447 diviserunt'.
1357 1407 1513 1456 Caepio,
1545 1419 1771 1455 quamquam
1792 1409 1926 1446 timido

445 1487 485 1513 se
516 1475 663 1513 consuli
693 1485 803 1522 opem
832 1474 1001 1511 laturum
1031 1484 1112 1511 esse
1153 1474 1346 1520 gloriatur
1374 1473 1512 1524 (Lic.),
1556 1480 1685 1511 tamen
1728 1484 1925 1512 commune

447 1551 531 1578 cum
564 1551 607 1577 eo
638 1539 842 1578 consilium
872 1549 1010 1587 capere
1038 1550 1113 1576 non
1142 1539 1227 1576 vult
1256 1539 1380 1587 (Dio.:
1413 1536 1495 1576 οὔτε
1526 1538 1562 1575 ἐν
1591 1540 1643 1589 τῷ
1672 1537 1769 1588 αὐτῷ
1797 1538 1924 1589 χωρίῳ

443 1605 612 1655 ηὐλίσατο
643 1603 724 1642 οὔτε
752 1619 784 1641 τι
813 1603 1037 1653 βούλευμα
1065 1603 1210 1642 κοινὸν
1232 1603 1489 1653 ἐποιήσατο;
1519 1604 1621 1641 Lic:
1652 1615 1700 1641 ne
1722 1615 1923 1641 commu-

444 1671 605 1709 nicare
635 1670 816 1717 quidem
845 1680 944 1707 cum
966 1679 1015 1707 eo
1046 1669 1294 1707 consilium
1316 1669 1429 1706 belli
1458 1669 1654 1716 gerendi
1679 1668 1830 1717 voluit),
1860 1669 1926 1706 sed

446 1740 574 1774 castra
617 1736 728 1783 ponit
768 1735 869 1773 inter
913 1733 1088 1772 Cimbros
1131 1738 1168 1772 et
1197 1734 1387 1780 Mallium,
1429 1738 1473 1771 ut
1514 1735 1620 1782 prior
1662 1734 1709 1772 ab
1752 1734 1925 1772 hostibus

444 1805 600 1850 petatur
629 1800 750 1851 (Dio).
809 1800 908 1837 Tum
937 1799 1106 1838 Granius
1148 1800 1251 1838 solus
1293 1800 1406 1837 affert
1448 1800 1598 1847 legatos
1627 1801 1761 1838 missos
1791 1811 1871 1837 esse
1901 1811 1924 1837 a

443 1871 580 1905 senatu
609 1866 783 1904 Romano
812 1877 935 1913 neque
964 1870 1041 1911 est,
1072 1877 1140 1903 cur
1168 1866 1266 1903 hanc
1293 1865 1555 1903 narrationem
1584 1865 1789 1903 Francken
1819 1865 1860 1914 (l.
1892 1876 1924 1903 c.

443 1945 479 1980 p.
513 1933 607 1981 255)
635 1932 763 1969 fictam
794 1942 877 1969 esse
906 1931 1115 1975 existimem
1160 1931 1274 1968 immo
1310 1941 1399 1968 vero
1430 1931 1591 1968 maxime
1627 1941 1673 1968 ea
1700 1930 1838 1968 idonea
1867 1934 1926 1967 est

444 2008 517 2044 qua
578 1997 819 2042 illustretur,
890 2007 1002 2043 quam
1065 1996 1188 2034 debile
1253 1999 1369 2042 atque
1424 1994 1616 2033 infirmum
1671 2000 1753 2032 tum
1808 1996 1928 2033 fuerit

443 2064 644 2109 imperium
699 2061 906 2111 senatus2)
964 2061 1107 2099 Contra
1161 2061 1238 2099 Dio
1294 2062 1396 2098 solus
1452 2061 1598 2106 tradit,
1656 2060 1830 2098 Mallium
1887 2064 1926 2097 et

445 2127 680 2176 Caepionem
726 2139 748 2164 a
794 2127 980 2165 militibus
1022 2126 1070 2164 ad
1117 2126 1344 2173 colloquium
1389 2127 1593 2164 convenire
1635 2130 1788 2164 coactos
1831 2136 1924 2171 esse,

444 2193 510 2231 sed
553 2194 702 2231 acriore
747 2193 862 2230 etiam
903 2192 963 2229 ira
1009 2191 1262 2229 inflammatos
1311 2192 1542 2230 discessisse.
1598 2191 1707 2229 Idem
1751 2190 1926 2228 Cimbros

444 2258 678 2297 dissensione
721 2258 858 2295 ducum
903 2257 1069 2294 nondum
1097 2260 1300 2304 perspecta
1327 2257 1478 2303 legatos
1520 2256 1667 2294 misisse
1711 2256 1815 2301 dicit,
1860 2256 1926 2302 qui

444 2336 527 2362 cum
556 2324 723 2362 Mallio
755 2326 926 2370 agerent.
988 2321 1064 2360 Sed
1091 2326 1196 2360 totus
1225 2322 1286 2359 hic
1314 2322 1420 2360 locus
1450 2332 1584 2370 parum
1613 2322 1837 2369 perspicuus
1867 2324 1925 2358 est

444 2396 559 2437 atque
590 2390 636 2427 ab
668 2392 894 2436 excerptore
924 2388 1120 2426 mutilatus
1149 2398 1230 2425 esse
1260 2387 1426 2425 videtur:
1472 2387 1522 2428 ὡς
1565 2386 1603 2423 δὲ
1646 2386 1733 2436 πρὸς
1762 2383 1924 2424 Μάλλιον

443 2454 665 2492 ὑπατεύοντα
696 2451 1035 2503 ὃιεκηρυκεύσαντο,
1078 2453 1096 2489 ὁ
1126 2451 1329 2503 Σερουίλιος
1355 2451 1622 2502 ἠγανάκτησεν,
1666 2451 1718 2489 ὅτι
1758 2451 1809 2501 μὴ
1838 2451 1925 2501 πρὸς

443 2519 569 2557 ἑαυτὸν
613 2518 913 2570 ἐπρεσβεύσαντο,
957 2518 1016 2556 καὶ
1045 2516 1126 2555 οὔτε
1156 2533 1187 2555 τι
1216 2517 1430 2568 συμβατικὸν
1460 2516 1693 2567 ἀπεκρίνατο,
1738 2515 1856 2565 ὀλίγου
1885 2530 1924 2552 τε

444 2584 501 2623 καὶ
543 2584 625 2625 τοὺς
670 2584 887 2635 πρεσβευτὰς
925 2583 1133 2634 διέφθειρεν.
1190 2582 1283 2621 Post
1317 2583 1474 2621 verbum
1514 2582 1613 2620 enim
1642 2580 1923 2631 ἐπρεσβεύσαντο

538 2673 565 2717 ¹)
591 2672 828 2708 Paucissimis
855 2671 977 2707 verbis
1004 2671 1100 2707 hanc
1126 2670 1345 2706 discordiam
1370 2671 1551 2705 memorat
1576 2668 1681 2705 Oros.
1708 2668 1749 2714 V,
1771 2672 1825 2713 16,
1844 2670 1876 2704 2.

537 2732 564 2774 2)
592 2732 652 2768 Sic
677 2732 816 2767 iudicat
842 2732 953 2768 etiam
972 2730 1168 2767 Neumann
1196 2729 1350 2773 „Gesch.
1370 2729 1481 2764 Rome
1508 2727 1684 2764 wahrend
1709 2728 1743 2764 d.
1764 2726 1922 2763 Verfalls

442 2790 508 2826 der
533 2790 645 2836 Rep.“
675 2791 691 2827 Ι
718 2802 753 2836 p.
781 2792 861 2828 360.
