2066 3448
1034 405 1088 410 -
1153 381 1205 421 16
1268 404 1324 409 .-

499 510 538 559 3)
569 514 607 547 et
630 510 809 547 balneis
843 508 1046 556 publicis
1075 507 1143 544 uti
1275 507 1334 543 12.
1384 505 1564 543 ἐλούετο
1617 506 1655 543 δὲ
1703 505 1780 543 κάν
1827 506 1918 546 τοῖς

448 575 1142 623 plebebalneasfrequentante,

446 640 662 687 perfusus
690 639 956 686 unguentis.

1220 570 1446 619 δημοσίοις
1514 569 1776 619 βαλανείοις,
1844 569 1917 607 ὅτε

1218 636 1420 684 δημοτῶν
1480 634 1528 685 ἦν
1589 634 1639 672 τὰ
1705 636 1916 684 βαλανεῖα

1218 699 1556 749 πεπληρωμένα,
1612 699 1794 750 κεραμίων
1848 699 1917 737 εἰσ-

1217 766 1426 814 φερομένων
1481 763 1578 815 αὖτῴ
1639 764 1784 815 μύρων
1846 767 1917 802 τῶν

1216 844 1261 867 πο
1267 829 1541 867 λυτελεστάτων.

548 905 682 951 Neque
725 915 813 941 vero
843 905 985 942 obicias
1027 906 1098 942 hoc
1132 906 1215 943 loco
1245 918 1380 954 parum
1409 907 1469 945 vel
1497 907 1592 943 nihil
1619 907 1786 954 probari,
1831 917 1915 944 cum

444 970 560 1007 verba
588 969 781 1007 Liciniani
810 970 1015 1007 secundum
1031 970 1235 1018 Polybium
1255 982 1278 1009 a
1293 972 1424 1009 Keilio
1447 971 1596 1008 demum
1615 972 1692 1008 sint
1710 972 1911 1011 restituta:

443 1046 529 1071 nam
572 1045 656 1071 cum
686 1045 813 1072 omnes
841 1034 997 1072 litterae
1026 1046 1049 1072 a
1077 1036 1209 1074 Keilio
1244 1037 1444 1084 suppletae
1475 1036 1618 1083 optime
1647 1036 1837 1082 quadrant
1865 1035 1914 1073 ad

445 1099 607 1146 vestigia
635 1100 772 1137 relicta
792 1103 871 1137 tum
894 1100 940 1137 de
959 1100 1105 1137 balneis
1126 1104 1168 1138 ut
1187 1102 1289 1149 apud
1309 1101 1513 1150 Polybium
1534 1101 1591 1138 bis
1612 1101 1913 1139 commemoratis

448 1164 698 1202 dubitandum
727 1175 799 1201 non
830 1167 898 1202 est.
954 1164 1166 1203 Praeterea
1194 1167 1370 1204 conferas
1397 1167 1507 1203 haec:

742 1242 832 1279 Lie.
1177 1247 1180 1280 ι
1364 1243 1518 1291 Polyb.
1550 1241 1702 1287 XXXI,
1732 1242 1767 1278 4.

497 1312 537 1361 2)
567 1313 620 1350 ad
650 1313 966 1361 symphoniam
995 1313 1142 1351 nudus

443 1378 633 1415 saltare.

1269 1315 1303 1351 7.
1333 1314 1495 1363 καὶτῆς
1524 1312 1778 1363 συμφωνίας
1812 1327 1914 1363 προ-

1215 1379 1494 1428 καλουμένης
1576 1377 1916 1428 ἀναπηδήσας

1214 1444 1401 1494 ὠρχεῖτο
1423 1443 1482 1482 καὶ
1501 1443 1707 1494 ὑπεκρίνετο
1728 1441 1820 1491 μετὰ
1841 1444 1912 1479 τῶν

1212 1511 1477 1556 γελωτοποιῶν.

546 1590 632 1627 Hoc
661 1591 743 1628 loco
785 1590 979 1627 adeundus
1020 1594 1078 1628 est
1106 1590 1302 1629 Diodorus
1329 1591 1488 1637 XXXI,
1524 1592 1582 1636 16,
1613 1592 1647 1633 2,
1677 1590 1779 1638 apud
1807 1600 1918 1636 quem

443 1656 559 1693 verba
587 1655 801 1703 Polybiana
829 1656 1041 1702 integriora
1068 1659 1184 1702 atque
1211 1656 1384 1703 pleniora
1412 1660 1564 1694 servata
1582 1660 1682 1701 sunt,
1712 1659 1755 1692 ut
1782 1654 1821 1692 in
1839 1655 1916 1692 his:

444 1723 519 1770 τῆς
569 1719 818 1769 συμφωνίας
872 1720 1244 1771 προκαλουμένης
1287 1720 1486 1771 ἀνεπήδα
1528 1720 1700 1770 γυμνός,
1744 1719 1804 1758 καὶ
1843 1721 1916 1760 τοῖς

442 1786 560 1835 μίμοις
588 1784 813 1835 προσπαίζων
842 1786 995 1836 ὠρχεῖτο
1024 1788 1102 1825 κτλ.

549 1852 715 1889 Tantum
745 1851 866 1897 igitur
895 1862 1052 1888 cernere
1080 1851 1172 1889 licet
1201 1850 1341 1889 Granii
1371 1856 1408 1889 et
1428 1851 1581 1900 Polybii
1610 1861 1842 1897 consensum,
1873 1853 1918 1887 ut

443 1917 563 1954 maior
592 1916 759 1963 cogitari
789 1916 852 1953 vix
882 1916 1014 1963 possit,
1045 1920 1161 1963 atque
1189 1918 1306 1954 verba
1325 1916 1518 1955 Liciniani
1538 1916 1724 1963 originem
1743 1915 1917 1963 profiteri

443 1981 693 2029 Polybianam
736 1991 846 2018 nemo
889 1981 964 2018 iam
1004 1981 1199 2019 infitietur.
1257 1982 1385 2019 Etiam
1413 1982 1547 2019 Livius
1575 1981 1681 2028 XLI,
1712 1982 1774 2024 20,
1804 1991 1915 2027 quem

444 2050 593 2084 constat
621 2046 744 2094 ipsum
774 2057 843 2093 per
872 2049 1048 2092 quartam
1078 2050 1117 2084 et
1145 2046 1315 2093 quintam
1346 2047 1537 2092 decadem,
1566 2046 1742 2094 inprimis
1769 2045 1836 2083 ubi
1855 2056 1917 2083 res

444 2112 636 2149 Asiaticae
665 2115 704 2149 et
734 2110 907 2149 Graecae
949 2115 1168 2156 narrantur,
1213 2112 1501 2150 accuratissime
1543 2112 1704 2159 vestigia
1741 2122 1916 2159 premere

443 2177 603 2223 Polybii,
636 2176 821 2214 Antiochi
864 2188 1012 2214 morum
1057 2177 1351 2225 descriptionem
1393 2178 1509 2214 habet
1550 2188 1689 2223 magna
1731 2187 1776 2213 ex
1806 2179 1916 2223 parte

443 2241 547 2278 illam
593 2242 743 2288 quidem
785 2242 916 2288 iniqua
958 2242 1110 2279 fortuna
1153 2243 1402 2289 deperditam.
1460 2242 1605 2280 Tamen
1649 2253 1731 2279 cum
1777 2240 1917 2278 Granii

443 2308 568 2344 verbis
605 2308 788 2344 ‘incertae
817 2311 976 2345 naturae
1004 2308 1248 2354 levitatisque
1277 2308 1456 2345 summae'
1504 2307 1717 2354 comparari
1758 2309 1917 2354 possunt

444 2371 545 2409 Livii
574 2372 756 2418 ‘adeoque
777 2373 873 2410 nulli
893 2372 1074 2410 fortunae
1095 2373 1328 2410 adhaerebat
1348 2373 1508 2420 animus,
1540 2383 1607 2419 per
1627 2373 1751 2409 omnia
1770 2383 1915 2418 genera

444 2438 545 2474 vitae
574 2448 715 2482 errans,
746 2438 804 2474 uti
832 2448 902 2474 nec
932 2438 1005 2475 sibi
1033 2449 1103 2475 nec
1132 2438 1220 2475 aliis
1252 2438 1403 2484 quinam
1432 2438 1543 2476 homo
1573 2441 1674 2476 esset
1703 2437 1798 2474 satis
1828 2448 1913 2474 con-

443 2504 588 2540 staret'.
645 2502 707 2540 Ac
737 2503 770 2540 si
799 2503 882 2550 quis
910 2506 1021 2550 putet
1049 2503 1290 2541 Licinianum
1320 2514 1364 2540 ex
1393 2503 1502 2541 Livio
1532 2503 1711 2550 hausisse,
1743 2506 1785 2540 ut
1813 2501 1916 2539 Lici·

444 2614 613 2660 Konigen
640 2614 857 2650 beherrscht
883 2614 1055 2650 wurden“
1085 2614 1194 2660 (Lips.
1217 2614 1322 2658 1834)
1349 2614 1395 2650 II.
1423 2625 1457 2659 p.
1486 2616 1555 2650 580
1573 2624 1654 2660 sqq.
1681 2633 1722 2639 —
1751 2612 1913 2648 Wilcken

444 2675 482 2708 in
507 2673 636 2720 Pauly,
662 2674 833 2710 Realenc.
860 2674 888 2718 I,
916 2675 952 2709 2²
979 2685 1013 2719 p.
1041 2675 1129 2709 2471
1159 2685 1213 2720 sq.

538 2734 568 2779 ³)
596 2733 732 2769 Nissen
762 2733 876 2777 „Krit.
905 2733 1241 2778 Untersuchungen
1266 2733 1358 2768 iiber
1383 2732 1443 2768 die
1470 2732 1626 2776 Quellen
1652 2732 1717 2768 der
1734 2732 1794 2767 IV.
1821 2743 1856 2767 u.
1877 2731 1914 2766 V.

444 2792 594 2828 Dekade
621 2793 684 2829 des
711 2793 856 2829 Livius“
887 2792 1021 2838 (Berol.
1052 2794 1156 2837 1863>
1182 2804 1217 2838 p.
1246 2795 1312 2828 110
1337 2803 1416 2838 sqq.
