<?xml version="1.0" encoding="UTF-8"?>
<!DOCTYPE html PUBLIC "-//W3C//DTD XHTML 1.0 Transitional//EN"
    "http://www.w3.org/TR/xhtml1/DTD/xhtml1-transitional.dtd">
<html xmlns="http://www.w3.org/1999/xhtml" xml:lang="en" lang="en">
 <head>
  <title>
</title>
<meta http-equiv="Content-Type" content="text/html;charset=utf-8" />
  <meta name='ocr-system' content='tesseract 3.04.00' />
  <meta name='ocr-capabilities' content='ocr_page ocr_carea ocr_par ocr_line ocrx_word'/>
</head>
<body>
  <div class='ocr_page' id='page_1' title='image "./degraniilicinian00diecuoft_0028.png"; bbox 0 0 2066 3448; ppageno 0'>
   <div class='ocr_carea' id='block_1_1' title="bbox 1027 379 1320 419">
    <p class='ocr_par' dir='ltr' id='par_1_1' title="bbox 1027 379 1320 419">
     <span class='ocr_line' id='line_1_1' title="bbox 1027 379 1320 419; baseline -0.003 -10"><span class='ocrx_word' id='word_1_1' title='bbox 1027 379 1320 419; x_wconf 78' lang='lat'>—18—</span> 
     </span>
    </p>
   </div>
   <div class='ocr_carea' id='block_1_2' title="bbox 430 504 1925 2244">
    <p class='ocr_par' dir='ltr' id='par_1_2' title="bbox 430 504 1925 2244">
     <span class='ocr_line' id='line_1_2' title="bbox 434 504 1912 552; baseline -0.001 -7"><span class='ocrx_word' id='word_1_2' title='bbox 434 507 622 545; x_wconf 81' lang='lat' dir='ltr'><strong>Asiaticis</strong></span> <span class='ocrx_word' id='word_1_3' title='bbox 652 517 737 544; x_wconf 89' lang='lat' dir='ltr'><strong>usos</strong></span> <span class='ocrx_word' id='word_1_4' title='bbox 766 517 849 544; x_wconf 89' lang='lat' dir='ltr'><strong>esse</strong></span> <span class='ocrx_word' id='word_1_5' title='bbox 876 509 1079 552; x_wconf 83' lang='lat' dir='ltr'><strong>pernotum</strong></span> <span class='ocrx_word' id='word_1_6' title='bbox 1108 511 1178 549; x_wconf 92' lang='lat' dir='ltr'><strong>est,</strong></span> <span class='ocrx_word' id='word_1_7' title='bbox 1214 504 1281 542; x_wconf 87' lang='lat' dir='ltr'><strong>sed</strong></span> <span class='ocrx_word' id='word_1_8' title='bbox 1310 504 1356 541; x_wconf 90' lang='lat' dir='ltr'><strong>de</strong></span> <span class='ocrx_word' id='word_1_9' title='bbox 1391 505 1574 552; x_wconf 88' lang='lat' dir='ltr'><strong>populato</strong></span> <span class='ocrx_word' id='word_1_10' title='bbox 1603 505 1745 552; x_wconf 86' lang='lat' dir='ltr'><strong>templo</strong></span> <span class='ocrx_word' id='word_1_11' title='bbox 1775 505 1912 543; x_wconf 85' lang='lat' dir='ltr'><strong>Hiera-</strong></span> 
     </span>
     <span class='ocr_line' id='line_1_3' title="bbox 430 567 1912 620; baseline -0.002 -10"><span class='ocrx_word' id='word_1_12' title='bbox 430 573 599 620; x_wconf 85' lang='lat' dir='ltr'><strong>politano</strong></span> <span class='ocrx_word' id='word_1_13' title='bbox 616 571 710 609; x_wconf 88' lang='lat' dir='ltr'><strong>alibi</strong></span> <span class='ocrx_word' id='word_1_14' title='bbox 732 570 828 608; x_wconf 89' lang='lat' dir='ltr'>nihil</span> <span class='ocrx_word' id='word_1_15' title='bbox 843 569 1021 607; x_wconf 81' lang='lat' dir='ltr'><strong>traditur.</strong></span> <span class='ocrx_word' id='word_1_16' title='bbox 1061 568 1118 606; x_wconf 88' lang='lat' dir='ltr'><strong>At</strong></span> <span class='ocrx_word' id='word_1_17' title='bbox 1131 568 1268 615; x_wconf 83' lang='lat' dir='ltr'>Polyb.</span> <span class='ocrx_word' id='word_1_18' title='bbox 1285 567 1440 614; x_wconf 86' lang='lat' dir='ltr'><strong>XXXI,</strong></span> <span class='ocrx_word' id='word_1_19' title='bbox 1461 570 1519 616; x_wconf 87' lang='lat'><strong>11,</strong></span> <span class='ocrx_word' id='word_1_20' title='bbox 1535 568 1569 607; x_wconf 89' lang='grc' dir='ltr'><strong>Ι.</strong></span> <span class='ocrx_word' id='word_1_21' title='bbox 1586 569 1704 608; x_wconf 83' lang='grc' dir='ltr'><strong>Μ300.</strong></span> <span class='ocrx_word' id='word_1_22' title='bbox 1723 571 1758 615; x_wconf 89' lang='lat'><strong>6,</strong></span> <span class='ocrx_word' id='word_1_23' title='bbox 1779 570 1798 607; x_wconf 85' lang='lat'>1</span> <span class='ocrx_word' id='word_1_24' title='bbox 1816 581 1912 617; x_wconf 72' lang='lat' dir='ltr'><strong>sqq„</strong></span> 
     </span>
     <span class='ocr_line' id='line_1_4' title="bbox 430 633 1914 684; baseline -0.002 -9"><span class='ocrx_word' id='word_1_25' title='bbox 430 637 460 675; x_wconf 83' lang='lat' dir='ltr'><strong>J</strong></span> <span class='ocrx_word' id='word_1_26' title='bbox 463 637 591 684; x_wconf 85' lang='lat' dir='ltr'><strong>oseph.</strong></span> <span class='ocrx_word' id='word_1_27' title='bbox 610 635 774 681; x_wconf 88' lang='lat' dir='ltr'><strong>Antiqu.</strong></span> <span class='ocrx_word' id='word_1_28' title='bbox 794 634 888 680; x_wconf 86' lang='lat' dir='ltr'><strong>XII,</strong></span> <span class='ocrx_word' id='word_1_29' title='bbox 911 635 946 678; x_wconf 86' lang='lat'><strong>9,</strong></span> <span class='ocrx_word' id='word_1_30' title='bbox 971 633 1033 681; x_wconf 87' lang='lat'><strong>11)</strong></span> <span class='ocrx_word' id='word_1_31' title='bbox 1061 636 1224 670; x_wconf 89' lang='lat' dir='ltr'><strong>narrant</strong></span> <span class='ocrx_word' id='word_1_32' title='bbox 1243 633 1474 670; x_wconf 81' lang='lat' dir='ltr'><strong>Antiochum</strong></span> <span class='ocrx_word' id='word_1_33' title='bbox 1501 634 1615 681; x_wconf 88' lang='lat' dir='ltr'><strong>paulo</strong></span> <span class='ocrx_word' id='word_1_34' title='bbox 1636 638 1726 673; x_wconf 89' lang='lat' dir='ltr'><strong>ante</strong></span> <span class='ocrx_word' id='word_1_35' title='bbox 1754 640 1914 673; x_wconf 86' lang='lat' dir='ltr'><strong>mortem</strong></span> 
     </span>
     <span class='ocr_line' id='line_1_5' title="bbox 430 697 1915 749; baseline -0.001 -10"><span class='ocrx_word' id='word_1_36' title='bbox 430 701 613 749; x_wconf 84' lang='lat' dir='ltr'><strong>templum</strong></span> <span class='ocrx_word' id='word_1_37' title='bbox 642 700 794 738; x_wconf 87' lang='lat' dir='ltr'><strong>Dianae</strong></span> <span class='ocrx_word' id='word_1_38' title='bbox 834 699 873 736; x_wconf 91' lang='lat' dir='ltr'><strong>in</strong></span> <span class='ocrx_word' id='word_1_39' title='bbox 902 697 1122 747; x_wconf 82' lang='lat' dir='ltr'><strong>Elymaide,</strong></span> <span class='ocrx_word' id='word_1_40' title='bbox 1164 697 1364 745; x_wconf 86' lang='lat' dir='ltr'><strong>provincia</strong></span> <span class='ocrx_word' id='word_1_41' title='bbox 1391 697 1559 745; x_wconf 87' lang='lat' dir='ltr'><strong>Persica,</strong></span> <span class='ocrx_word' id='word_1_42' title='bbox 1606 699 1718 737; x_wconf 89' lang='lat' dir='ltr'><strong>situm</strong></span> <span class='ocrx_word' id='word_1_43' title='bbox 1748 700 1915 747; x_wconf 84' lang='lat' dir='ltr'><strong>diripere</strong></span> 
     </span>
     <span class='ocr_line' id='line_1_6' title="bbox 430 761 1914 812; baseline -0.001 -8"><span class='ocrx_word' id='word_1_44' title='bbox 430 768 477 804; x_wconf 89' lang='lat' dir='ltr'><strong>ab</strong></span> <span class='ocrx_word' id='word_1_45' title='bbox 507 766 643 804; x_wconf 90' lang='lat' dir='ltr'><strong>incolis</strong></span> <span class='ocrx_word' id='word_1_46' title='bbox 669 764 894 812; x_wconf 86' lang='lat' dir='ltr'><strong>impeditum</strong></span> <span class='ocrx_word' id='word_1_47' title='bbox 922 763 1065 811; x_wconf 77' lang='lat' dir='ltr'><strong>esse32)</strong></span> <span class='ocrx_word' id='word_1_48' title='bbox 1101 763 1135 800; x_wconf 92' lang='lat' dir='ltr'><strong>si</strong></span> <span class='ocrx_word' id='word_1_49' title='bbox 1162 762 1266 810; x_wconf 89' lang='lat' dir='ltr'><strong>App.</strong></span> <span class='ocrx_word' id='word_1_50' title='bbox 1297 761 1383 811; x_wconf 83' lang='lat' dir='ltr'><strong>Syr.</strong></span> <span class='ocrx_word' id='word_1_51' title='bbox 1406 764 1454 800; x_wconf 83' lang='lat'><strong>66</strong></span> <span class='ocrx_word' id='word_1_52' title='bbox 1484 763 1684 809; x_wconf 87' lang='lat' dir='ltr'><strong>credimus,</strong></span> <span class='ocrx_word' id='word_1_53' title='bbox 1715 765 1914 803; x_wconf 89' lang='lat' dir='ltr'><strong>consilium</strong></span> 
     </span>
     <span class='ocr_line' id='line_1_7' title="bbox 432 828 1917 878; baseline -0.001 -9"><span class='ocrx_word' id='word_1_54' title='bbox 432 832 546 869; x_wconf 87' lang='lat' dir='ltr'><strong>etiam</strong></span> <span class='ocrx_word' id='word_1_55' title='bbox 576 830 747 878; x_wconf 87' lang='lat' dir='ltr'><strong>perfecit.</strong></span> <span class='ocrx_word' id='word_1_56' title='bbox 760 829 791 878; x_wconf 76' lang='grc'><strong>3)</strong></span> <span class='ocrx_word' id='word_1_57' title='bbox 838 828 1074 875; x_wconf 76' lang='lat' dir='ltr'><strong>Plurimique</strong></span> <span class='ocrx_word' id='word_1_58' title='bbox 1102 828 1311 875; x_wconf 84' lang='lat' dir='ltr'><strong>scriptores</strong></span> <span class='ocrx_word' id='word_1_59' title='bbox 1340 838 1424 866; x_wconf 92' lang='lat' dir='ltr'><strong>cum</strong></span> <span class='ocrx_word' id='word_1_60' title='bbox 1452 828 1524 866; x_wconf 85' lang='lat' dir='ltr'><strong>hac</strong></span> <span class='ocrx_word' id='word_1_61' title='bbox 1550 839 1594 865; x_wconf 90' lang='lat' dir='ltr'><strong>re</strong></span> <span class='ocrx_word' id='word_1_62' title='bbox 1623 833 1785 867; x_wconf 88' lang='lat' dir='ltr'><strong>mortem</strong></span> <span class='ocrx_word' id='word_1_63' title='bbox 1814 831 1917 877; x_wconf 86' lang='lat' dir='ltr'><strong>regis</strong></span> 
     </span>
     <span class='ocr_line' id='line_1_8' title="bbox 432 892 1915 945; baseline -0.001 -10"><span class='ocrx_word' id='word_1_64' title='bbox 432 900 675 935; x_wconf 85' lang='lat' dir='ltr'><strong>connectunt.</strong></span> <span class='ocrx_word' id='word_1_65' title='bbox 733 894 871 932; x_wconf 84' lang='lat' dir='ltr'><strong>Tradit</strong></span> <span class='ocrx_word' id='word_1_66' title='bbox 898 894 999 931; x_wconf 90' lang='lat' dir='ltr'><strong>enim</strong></span> <span class='ocrx_word' id='word_1_67' title='bbox 1026 893 1216 942; x_wconf 84' lang='lat' dir='ltr'><strong>Polybius</strong></span> <span class='ocrx_word' id='word_1_68' title='bbox 1242 894 1267 931; x_wconf 91' lang='lat' dir='ltr'><strong>l.</strong></span> <span class='ocrx_word' id='word_1_69' title='bbox 1299 905 1348 931; x_wconf 88' lang='lat' dir='ltr'><strong>c.:</strong></span> <span class='ocrx_word' id='word_1_70' title='bbox 1389 892 1590 944; x_wconf 77' lang='grc' dir='ltr'>ἀναχωρῶν</span> <span class='ocrx_word' id='word_1_71' title='bbox 1621 894 1658 931; x_wconf 80' lang='grc' dir='ltr'><strong>ἐν</strong></span> <span class='ocrx_word' id='word_1_72' title='bbox 1687 893 1821 944; x_wconf 81' lang='grc' dir='ltr'>Τάβαις</span> <span class='ocrx_word' id='word_1_73' title='bbox 1850 898 1915 945; x_wconf 87' lang='grc' dir='ltr'><strong>τῆς</strong></span> 
     </span>
     <span class='ocr_line' id='line_1_9' title="bbox 438 958 1918 1011; baseline -0.001 -12"><span class='ocrx_word' id='word_1_74' title='bbox 438 961 606 1011; x_wconf 79' lang='grc' dir='ltr'>Περσίδος</span> <span class='ocrx_word' id='word_1_75' title='bbox 635 959 774 1003; x_wconf 78' lang='grc' dir='ltr'>ἐξέλιπε</span> <span class='ocrx_word' id='word_1_76' title='bbox 802 959 863 996; x_wconf 80' lang='grc' dir='ltr'><strong>τὸν</strong></span> <span class='ocrx_word' id='word_1_77' title='bbox 892 959 965 1009; x_wconf 82' lang='grc' dir='ltr'>βίον</span> <span class='ocrx_word' id='word_1_78' title='bbox 995 959 1226 1009; x_wconf 81' lang='grc' dir='ltr'>δαιμονήσας,</span> <span class='ocrx_word' id='word_1_79' title='bbox 1269 959 1319 1000; x_wconf 83' lang='grc' dir='ltr'><strong>ὡς</strong></span> <span class='ocrx_word' id='word_1_80' title='bbox 1347 958 1434 996; x_wconf 79' lang='grc' dir='ltr'>ἔνιοί</span> <span class='ocrx_word' id='word_1_81' title='bbox 1459 973 1553 1008; x_wconf 80' lang='grc' dir='ltr'><strong>φασι,</strong></span> <span class='ocrx_word' id='word_1_82' title='bbox 1598 959 1654 997; x_wconf 81' lang='grc' dir='ltr'><strong>διὰ</strong></span> <span class='ocrx_word' id='word_1_83' title='bbox 1681 959 1722 997; x_wconf 84' lang='grc' dir='ltr'><strong>τὸ</strong></span> <span class='ocrx_word' id='word_1_84' title='bbox 1751 959 1918 1008; x_wconf 78' lang='grc' dir='ltr'>γενέσθαι</span> 
     </span>
     <span class='ocr_line' id='line_1_10' title="bbox 432 1023 1914 1075; baseline -0.003 -12"><span class='ocrx_word' id='word_1_85' title='bbox 432 1026 526 1067; x_wconf 76' lang='grc' dir='ltr'>τινὰς</span> <span class='ocrx_word' id='word_1_86' title='bbox 556 1025 790 1075; x_wconf 79' lang='grc' dir='ltr'>ἐπισημασίας</span> <span class='ocrx_word' id='word_1_87' title='bbox 830 1026 893 1062; x_wconf 77' lang='grc' dir='ltr'><strong>τοῦ</strong></span> <span class='ocrx_word' id='word_1_88' title='bbox 924 1024 1106 1073; x_wconf 84' lang='grc' dir='ltr'>δαιμονίου</span> <span class='ocrx_word' id='word_1_89' title='bbox 1143 1023 1236 1062; x_wconf 77' lang='grc' dir='ltr'>κατὰ</span> <span class='ocrx_word' id='word_1_90' title='bbox 1262 1024 1326 1073; x_wconf 82' lang='grc' dir='ltr'><strong>τὴν</strong></span> <span class='ocrx_word' id='word_1_91' title='bbox 1355 1023 1435 1074; x_wconf 82' lang='grc' dir='ltr'>περὶ</span> <span class='ocrx_word' id='word_1_92' title='bbox 1463 1024 1504 1061; x_wconf 84' lang='grc' dir='ltr'><strong>τὸ</strong></span> <span class='ocrx_word' id='word_1_93' title='bbox 1532 1024 1790 1075; x_wconf 84' lang='grc' dir='ltr'>προειρημένον</span> <span class='ocrx_word' id='word_1_94' title='bbox 1819 1025 1914 1075; x_wconf 86' lang='grc' dir='ltr'>ἱερὸν</span> 
     </span>
     <span class='ocr_line' id='line_1_11' title="bbox 436 1089 1917 1141; baseline -0.001 -12"><span class='ocrx_word' id='word_1_95' title='bbox 436 1090 673 1141; x_wconf 79' lang='grc' dir='ltr'>παρανομίαν.</span> <span class='ocrx_word' id='word_1_96' title='bbox 731 1090 876 1128; x_wconf 81' lang='lat' dir='ltr'><strong>Contra</strong></span> <span class='ocrx_word' id='word_1_97' title='bbox 903 1091 997 1127; x_wconf 89' lang='lat' dir='ltr'><strong>haec</strong></span> <span class='ocrx_word' id='word_1_98' title='bbox 1027 1090 1120 1127; x_wconf 87' lang='lat' dir='ltr'><strong>dicit</strong></span> <span class='ocrx_word' id='word_1_99' title='bbox 1148 1089 1341 1137; x_wconf 82' lang='lat' dir='ltr'><strong>Josephus</strong></span> <span class='ocrx_word' id='word_1_100' title='bbox 1369 1092 1412 1126; x_wconf 87' lang='lat' dir='ltr'><strong>ut</strong></span> <span class='ocrx_word' id='word_1_101' title='bbox 1441 1089 1610 1128; x_wconf 86' lang='lat' dir='ltr'><strong>Judaeus</strong></span> <span class='ocrx_word' id='word_1_102' title='bbox 1638 1090 1805 1137; x_wconf 86' lang='lat' dir='ltr'><strong>scriptor</strong></span> <span class='ocrx_word' id='word_1_103' title='bbox 1832 1091 1917 1127; x_wconf 87' lang='lat' dir='ltr'><strong>An·</strong></span> 
     </span>
     <span class='ocr_line' id='line_1_12' title="bbox 435 1154 1912 1203; baseline -0.001 -9"><span class='ocrx_word' id='word_1_104' title='bbox 435 1157 604 1194; x_wconf 84' lang='lat' dir='ltr'><strong>tiochum</strong></span> <span class='ocrx_word' id='word_1_105' title='bbox 658 1155 801 1203; x_wconf 90' lang='lat' dir='ltr'><strong>templo</strong></span> <span class='ocrx_word' id='word_1_106' title='bbox 847 1155 1196 1203; x_wconf 86' lang='lat' dir='ltr'><strong>Hierosolymis</strong></span> <span class='ocrx_word' id='word_1_107' title='bbox 1251 1154 1419 1202; x_wconf 83' lang='lat' dir='ltr'><strong>expilato</strong></span> <span class='ocrx_word' id='word_1_108' title='bbox 1474 1155 1708 1192; x_wconf 86' lang='lat' dir='ltr'><strong>conscientia.</strong></span> <span class='ocrx_word' id='word_1_109' title='bbox 1756 1155 1912 1193; x_wconf 87' lang='lat' dir='ltr'><strong>sceleris</strong></span> 
     </span>
     <span class='ocr_line' id='line_1_13' title="bbox 437 1219 1917 1268; baseline 0 -9"><span class='ocrx_word' id='word_1_110' title='bbox 437 1222 648 1259; x_wconf 87' lang='lat' dir='ltr'><strong>cruciatum</strong></span> <span class='ocrx_word' id='word_1_111' title='bbox 670 1231 752 1258; x_wconf 87' lang='lat' dir='ltr'><strong>esse</strong></span> <span class='ocrx_word' id='word_1_112' title='bbox 772 1221 1026 1267; x_wconf 83' lang='lat' dir='ltr'><strong>similiterque</strong></span> <span class='ocrx_word' id='word_1_113' title='bbox 1046 1221 1076 1258; x_wconf 90' lang='lat' dir='ltr'><strong>I.</strong></span> <span class='ocrx_word' id='word_1_114' title='bbox 1096 1220 1230 1264; x_wconf 65' lang='lat' dir='ltr'><strong>Maec„</strong></span> <span class='ocrx_word' id='word_1_115' title='bbox 1259 1231 1332 1266; x_wconf 89' lang='lat' dir='ltr'><strong>quo</strong></span> <span class='ocrx_word' id='word_1_116' title='bbox 1352 1231 1398 1257; x_wconf 80' lang='lat' dir='ltr'><strong>ex</strong></span> <span class='ocrx_word' id='word_1_117' title='bbox 1418 1219 1518 1258; x_wconf 90' lang='lat' dir='ltr'><strong>libro</strong></span> <span class='ocrx_word' id='word_1_118' title='bbox 1539 1219 1569 1257; x_wconf 84' lang='lat' dir='ltr'><strong>J</strong></span> <span class='ocrx_word' id='word_1_119' title='bbox 1571 1220 1733 1267; x_wconf 91' lang='lat' dir='ltr'><strong>osephus</strong></span> <span class='ocrx_word' id='word_1_120' title='bbox 1753 1221 1917 1268; x_wconf 84' lang='lat' dir='ltr'><strong>plurima</strong></span> 
     </span>
     <span class='ocr_line' id='line_1_14' title="bbox 440 1284 1918 1332; baseline -0.001 -8"><span class='ocrx_word' id='word_1_121' title='bbox 440 1287 577 1324; x_wconf 82' lang='lat' dir='ltr'><strong>hausit.</strong></span> <span class='ocrx_word' id='word_1_122' title='bbox 634 1285 765 1324; x_wconf 83' lang='lat' dir='ltr'><strong>Aliter</strong></span> <span class='ocrx_word' id='word_1_123' title='bbox 807 1286 853 1323; x_wconf 89' lang='lat' dir='ltr'><strong>de</strong></span> <span class='ocrx_word' id='word_1_124' title='bbox 895 1286 1000 1323; x_wconf 83' lang='lat' dir='ltr'><strong>exitu</strong></span> <span class='ocrx_word' id='word_1_125' title='bbox 1041 1285 1145 1332; x_wconf 85' lang='lat' dir='ltr'><strong>regis</strong></span> <span class='ocrx_word' id='word_1_126' title='bbox 1173 1285 1343 1322; x_wconf 83' lang='lat' dir='ltr'><strong>traditur</strong></span> <span class='ocrx_word' id='word_1_127' title='bbox 1385 1285 1531 1323; x_wconf 90' lang='lat' dir='ltr'><strong>duobus</strong></span> <span class='ocrx_word' id='word_1_128' title='bbox 1572 1285 1667 1323; x_wconf 90' lang='lat' dir='ltr'><strong>locis</strong></span> <span class='ocrx_word' id='word_1_129' title='bbox 1694 1284 1751 1323; x_wconf 88' lang='grc' dir='ltr'><strong>Π.</strong></span> <span class='ocrx_word' id='word_1_130' title='bbox 1781 1284 1918 1331; x_wconf 84' lang='grc' dir='ltr'><strong>Μ300.,</strong></span> 
     </span>
     <span class='ocr_line' id='line_1_15' title="bbox 434 1350 1921 1399; baseline -0.001 -10"><span class='ocrx_word' id='word_1_131' title='bbox 434 1363 596 1399; x_wconf 87' lang='lat' dir='ltr'><strong>quorum</strong></span> <span class='ocrx_word' id='word_1_132' title='bbox 638 1351 760 1399; x_wconf 85' lang='lat' dir='ltr'><strong>primo</strong></span> <span class='ocrx_word' id='word_1_133' title='bbox 805 1351 1028 1399; x_wconf 87' lang='lat' dir='ltr'><strong>(secundum</strong></span> <span class='ocrx_word' id='word_1_134' title='bbox 1056 1350 1284 1398; x_wconf 75' lang='lat' dir='ltr'><strong>Hieronymi</strong></span> <span class='ocrx_word' id='word_1_135' title='bbox 1327 1350 1560 1399; x_wconf 85' lang='lat' dir='ltr'><strong>versionem)</strong></span> <span class='ocrx_word' id='word_1_136' title='bbox 1607 1351 1641 1395; x_wconf 90' lang='lat'><strong>1,</strong></span> <span class='ocrx_word' id='word_1_137' title='bbox 1666 1351 1712 1387; x_wconf 89' lang='lat'><strong>13</strong></span> <span class='ocrx_word' id='word_1_138' title='bbox 1754 1361 1835 1397; x_wconf 87' lang='lat' dir='ltr'><strong>sqq.</strong></span> <span class='ocrx_word' id='word_1_139' title='bbox 1866 1350 1921 1388; x_wconf 86' lang='lat' dir='ltr'><strong>sic</strong></span> 
     </span>
     <span class='ocr_line' id='line_1_16' title="bbox 435 1415 1918 1464; baseline -0.002 -9"><span class='ocrx_word' id='word_1_140' title='bbox 435 1418 617 1464; x_wconf 86' lang='lat' dir='ltr'><strong>legimus:</strong></span> <span class='ocrx_word' id='word_1_141' title='bbox 668 1416 780 1454; x_wconf 89' lang='lat' dir='ltr'><strong>‘Nam</strong></span> <span class='ocrx_word' id='word_1_142' title='bbox 823 1426 907 1453; x_wconf 90' lang='lat' dir='ltr'><strong>cum</strong></span> <span class='ocrx_word' id='word_1_143' title='bbox 949 1416 990 1453; x_wconf 93' lang='lat' dir='ltr'><strong>in</strong></span> <span class='ocrx_word' id='word_1_144' title='bbox 1032 1415 1192 1454; x_wconf 87' lang='lat' dir='ltr'><strong>Perside</strong></span> <span class='ocrx_word' id='word_1_145' title='bbox 1234 1418 1335 1454; x_wconf 87' lang='lat' dir='ltr'><strong>esset</strong></span> <span class='ocrx_word' id='word_1_146' title='bbox 1377 1415 1453 1453; x_wconf 82' lang='lat' dir='ltr'><strong>dux</strong></span> <span class='ocrx_word' id='word_1_147' title='bbox 1500 1417 1581 1463; x_wconf 92' lang='lat' dir='ltr'><strong>ipse</strong></span> <span class='ocrx_word' id='word_1_148' title='bbox 1623 1419 1663 1452; x_wconf 90' lang='lat' dir='ltr'><strong>et</strong></span> <span class='ocrx_word' id='word_1_149' title='bbox 1705 1425 1791 1453; x_wconf 90' lang='lat' dir='ltr'><strong>cum</strong></span> <span class='ocrx_word' id='word_1_150' title='bbox 1834 1415 1918 1462; x_wconf 91' lang='lat' dir='ltr'><strong>ipso</strong></span> 
     </span>
     <span class='ocr_line' id='line_1_17' title="bbox 435 1480 1919 1528; baseline -0.001 -9"><span class='ocrx_word' id='word_1_151' title='bbox 435 1483 639 1519; x_wconf 88' lang='lat' dir='ltr'><strong>immensus</strong></span> <span class='ocrx_word' id='word_1_152' title='bbox 679 1481 881 1526; x_wconf 82' lang='lat' dir='ltr'><strong>exercitus,</strong></span> <span class='ocrx_word' id='word_1_153' title='bbox 926 1481 1066 1519; x_wconf 84' lang='lat' dir='ltr'><strong>cecidit</strong></span> <span class='ocrx_word' id='word_1_154' title='bbox 1105 1481 1144 1518; x_wconf 90' lang='lat' dir='ltr'><strong>in</strong></span> <span class='ocrx_word' id='word_1_155' title='bbox 1185 1481 1331 1528; x_wconf 90' lang='lat' dir='ltr'><strong>templo</strong></span> <span class='ocrx_word' id='word_1_156' title='bbox 1359 1480 1515 1519; x_wconf 88' lang='lat' dir='ltr'><strong>Naneae</strong></span> <span class='ocrx_word' id='word_1_157' title='bbox 1544 1481 1703 1518; x_wconf 86' lang='lat' dir='ltr'><strong>consilio</strong></span> <span class='ocrx_word' id='word_1_158' title='bbox 1734 1480 1919 1528; x_wconf 88' lang='lat' dir='ltr'><strong>deceptus</strong></span> 
     </span>
     <span class='ocr_line' id='line_1_18' title="bbox 435 1545 1921 1585; baseline -0.002 0"><span class='ocrx_word' id='word_1_159' title='bbox 435 1547 677 1585; x_wconf 87' lang='lat' dir='ltr'><strong>sacerdotum</strong></span> <span class='ocrx_word' id='word_1_160' title='bbox 705 1546 874 1584; x_wconf 86' lang='lat' dir='ltr'><strong>Naneae.</strong></span> <span class='ocrx_word' id='word_1_161' title='bbox 930 1545 1086 1584; x_wconf 87' lang='lat' dir='ltr'><strong>Etenim</strong></span> <span class='ocrx_word' id='word_1_162' title='bbox 1116 1556 1200 1584; x_wconf 89' lang='lat' dir='ltr'><strong>cum</strong></span> <span class='ocrx_word' id='word_1_163' title='bbox 1239 1557 1285 1583; x_wconf 89' lang='lat' dir='ltr'><strong>ea</strong></span> <span class='ocrx_word' id='word_1_164' title='bbox 1313 1547 1557 1583; x_wconf 88' lang='lat' dir='ltr'><strong>habitaturus</strong></span> <span class='ocrx_word' id='word_1_165' title='bbox 1585 1545 1692 1583; x_wconf 86' lang='lat' dir='ltr'><strong>venit</strong></span> <span class='ocrx_word' id='word_1_166' title='bbox 1720 1545 1767 1582; x_wconf 91' lang='lat' dir='ltr'><strong>ad</strong></span> <span class='ocrx_word' id='word_1_167' title='bbox 1795 1545 1921 1582; x_wconf 89' lang='lat' dir='ltr'><strong>locum</strong></span> 
     </span>
     <span class='ocr_line' id='line_1_19' title="bbox 436 1609 1919 1658; baseline -0.002 -9"><span class='ocrx_word' id='word_1_168' title='bbox 436 1612 652 1649; x_wconf 87' lang='lat' dir='ltr'><strong>Antiochus</strong></span> <span class='ocrx_word' id='word_1_169' title='bbox 680 1615 721 1649; x_wconf 88' lang='lat' dir='ltr'><strong>et</strong></span> <span class='ocrx_word' id='word_1_170' title='bbox 748 1611 862 1649; x_wconf 85' lang='lat' dir='ltr'><strong>amici</strong></span> <span class='ocrx_word' id='word_1_171' title='bbox 904 1611 998 1655; x_wconf 91' lang='lat' dir='ltr'><strong>eius,</strong></span> <span class='ocrx_word' id='word_1_172' title='bbox 1042 1615 1081 1648; x_wconf 92' lang='lat' dir='ltr'><strong>et</strong></span> <span class='ocrx_word' id='word_1_173' title='bbox 1122 1616 1165 1648; x_wconf 91' lang='lat' dir='ltr'><strong>ut</strong></span> <span class='ocrx_word' id='word_1_174' title='bbox 1207 1611 1401 1658; x_wconf 88' lang='lat' dir='ltr'><strong>acciperet</strong></span> <span class='ocrx_word' id='word_1_175' title='bbox 1440 1610 1620 1658; x_wconf 84' lang='lat' dir='ltr'><strong>pecunias</strong></span> <span class='ocrx_word' id='word_1_176' title='bbox 1649 1611 1789 1647; x_wconf 90' lang='lat' dir='ltr'><strong>multas</strong></span> <span class='ocrx_word' id='word_1_177' title='bbox 1818 1609 1919 1647; x_wconf 89' lang='lat' dir='ltr'><strong>dotis</strong></span> 
     </span>
     <span class='ocr_line' id='line_1_20' title="bbox 438 1675 1922 1724; baseline -0.001 -10"><span class='ocrx_word' id='word_1_178' title='bbox 438 1677 608 1720; x_wconf 79' lang='lat' dir='ltr'><strong>nomine;</strong></span> <span class='ocrx_word' id='word_1_179' title='bbox 639 1687 798 1723; x_wconf 89' lang='lat' dir='ltr'><strong>cumque</strong></span> <span class='ocrx_word' id='word_1_180' title='bbox 826 1676 1112 1724; x_wconf 85' lang='lat' dir='ltr'><strong>proposuissent</strong></span> <span class='ocrx_word' id='word_1_181' title='bbox 1141 1687 1207 1714; x_wconf 87' lang='lat' dir='ltr'><strong>eas</strong></span> <span class='ocrx_word' id='word_1_182' title='bbox 1227 1676 1446 1714; x_wconf 84' lang='lat' dir='ltr'><strong>sacerdotes</strong></span> <span class='ocrx_word' id='word_1_183' title='bbox 1466 1676 1637 1721; x_wconf 87' lang='lat' dir='ltr'><strong>Naneae,</strong></span> <span class='ocrx_word' id='word_1_184' title='bbox 1669 1679 1709 1713; x_wconf 85' lang='lat' dir='ltr'><strong>et</strong></span> <span class='ocrx_word' id='word_1_185' title='bbox 1726 1675 1807 1722; x_wconf 91' lang='lat' dir='ltr'><strong>ipse</strong></span> <span class='ocrx_word' id='word_1_186' title='bbox 1838 1685 1922 1712; x_wconf 87' lang='lat' dir='ltr'><strong>cum</strong></span> 
     </span>
     <span class='ocr_line' id='line_1_21' title="bbox 440 1740 1920 1789; baseline -0.003 -9"><span class='ocrx_word' id='word_1_187' title='bbox 440 1743 570 1789; x_wconf 85' lang='lat' dir='ltr'><strong>paucis</strong></span> <span class='ocrx_word' id='word_1_188' title='bbox 598 1742 795 1789; x_wconf 84' lang='lat' dir='ltr'><strong>ingressus</strong></span> <span class='ocrx_word' id='word_1_189' title='bbox 825 1746 926 1780; x_wconf 90' lang='lat' dir='ltr'><strong>esset</strong></span> <span class='ocrx_word' id='word_1_190' title='bbox 953 1742 1056 1779; x_wconf 86' lang='lat' dir='ltr'><strong>intra</strong></span> <span class='ocrx_word' id='word_1_191' title='bbox 1098 1742 1282 1779; x_wconf 89' lang='lat' dir='ltr'><strong>ambitum</strong></span> <span class='ocrx_word' id='word_1_192' title='bbox 1316 1741 1416 1785; x_wconf 87' lang='lat' dir='ltr'><strong>fani,</strong></span> <span class='ocrx_word' id='word_1_193' title='bbox 1461 1742 1679 1779; x_wconf 87' lang='lat' dir='ltr'><strong>clauserunt</strong></span> <span class='ocrx_word' id='word_1_194' title='bbox 1721 1740 1920 1787; x_wconf 90' lang='lat' dir='ltr'><strong>templum,</strong></span> 
     </span>
     <span class='ocr_line' id='line_1_22' title="bbox 441 1806 1923 1853; baseline -0.002 -9"><span class='ocrx_word' id='word_1_195' title='bbox 441 1818 525 1845; x_wconf 89' lang='lat' dir='ltr'><strong>cum</strong></span> <span class='ocrx_word' id='word_1_196' title='bbox 559 1807 745 1844; x_wconf 87' lang='lat' dir='ltr'><strong>intrasset</strong></span> <span class='ocrx_word' id='word_1_197' title='bbox 781 1807 999 1844; x_wconf 82' lang='lat' dir='ltr'><strong>Antiochus</strong></span> <span class='ocrx_word' id='word_1_198' title='bbox 1031 1837 1196 1845; x_wconf 86' lang='grc'><strong>.....</strong></span> <span class='ocrx_word' id='word_1_199' title='bbox 1226 1806 1423 1844; x_wconf 87' lang='lat' dir='ltr'><strong>mittentes</strong></span> <span class='ocrx_word' id='word_1_200' title='bbox 1465 1806 1612 1853; x_wconf 89' lang='lat' dir='ltr'><strong>lapides</strong></span> <span class='ocrx_word' id='word_1_201' title='bbox 1653 1808 1923 1853; x_wconf 86' lang='lat' dir='ltr'><strong>percusserunt</strong></span> 
     </span>
     <span class='ocr_line' id='line_1_23' title="bbox 444 1871 1923 1918; baseline -0.001 -9"><span class='ocrx_word' id='word_1_202' title='bbox 444 1872 603 1909; x_wconf 83' lang='lat' dir='ltr'><strong>ducem&#39;.</strong></span> <span class='ocrx_word' id='word_1_203' title='bbox 644 1871 788 1918; x_wconf 80' lang='lat' dir='ltr'><strong>Quibus</strong></span> <span class='ocrx_word' id='word_1_204' title='bbox 816 1871 855 1908; x_wconf 90' lang='lat' dir='ltr'><strong>in</strong></span> <span class='ocrx_word' id='word_1_205' title='bbox 876 1871 1002 1909; x_wconf 85' lang='lat' dir='ltr'><strong>verbis</strong></span> <span class='ocrx_word' id='word_1_206' title='bbox 1030 1871 1145 1909; x_wconf 86' lang='lat' dir='ltr'><strong>facile</strong></span> <span class='ocrx_word' id='word_1_207' title='bbox 1175 1871 1439 1917; x_wconf 86' lang='lat' dir='ltr'><strong>cognoscimus</strong></span> <span class='ocrx_word' id='word_1_208' title='bbox 1468 1871 1633 1908; x_wconf 86' lang='lat' dir='ltr'><strong>iocosam</strong></span> <span class='ocrx_word' id='word_1_209' title='bbox 1662 1871 1923 1908; x_wconf 86' lang='lat' dir='ltr'><strong>narrationem</strong></span> 
     </span>
     <span class='ocr_line' id='line_1_24' title="bbox 442 1935 1923 1984; baseline -0.002 -9"><span class='ocrx_word' id='word_1_210' title='bbox 442 1936 587 1983; x_wconf 83' lang='lat' dir='ltr'><strong>Granii‚</strong></span> <span class='ocrx_word' id='word_1_211' title='bbox 633 1937 696 1983; x_wconf 90' lang='lat' dir='ltr'><strong>qui</strong></span> <span class='ocrx_word' id='word_1_212' title='bbox 726 1937 837 1974; x_wconf 89' lang='lat' dir='ltr'><strong>docet</strong></span> <span class='ocrx_word' id='word_1_213' title='bbox 866 1947 998 1984; x_wconf 86' lang='lat' dir='ltr'><strong>regem</strong></span> <span class='ocrx_word' id='word_1_214' title='bbox 1026 1947 1090 1974; x_wconf 90' lang='lat' dir='ltr'><strong>res</strong></span> <span class='ocrx_word' id='word_1_215' title='bbox 1120 1937 1269 1974; x_wconf 87' lang='lat' dir='ltr'><strong>divinas</strong></span> <span class='ocrx_word' id='word_1_216' title='bbox 1296 1936 1333 1973; x_wconf 94' lang='lat' dir='ltr'><strong>in</strong></span> <span class='ocrx_word' id='word_1_217' title='bbox 1363 1935 1568 1973; x_wconf 88' lang='lat' dir='ltr'><strong>ludibrium</strong></span> <span class='ocrx_word' id='word_1_218' title='bbox 1611 1936 1793 1978; x_wconf 83' lang='lat' dir='ltr'><strong>vertisse,</strong></span> <span class='ocrx_word' id='word_1_219' title='bbox 1838 1946 1923 1972; x_wconf 88' lang='lat' dir='ltr'><strong>cum</strong></span> 
     </span>
     <span class='ocr_line' id='line_1_25' title="bbox 443 2000 1924 2040; baseline -0.001 -1"><span class='ocrx_word' id='word_1_220' title='bbox 443 2002 588 2039; x_wconf 87' lang='lat' dir='ltr'><strong>diceret</strong></span> <span class='ocrx_word' id='word_1_221' title='bbox 615 2002 713 2039; x_wconf 90' lang='lat' dir='ltr'><strong>velle</strong></span> <span class='ocrx_word' id='word_1_222' title='bbox 742 2012 782 2039; x_wconf 90' lang='lat' dir='ltr'><strong>se</strong></span> <span class='ocrx_word' id='word_1_223' title='bbox 811 2002 920 2040; x_wconf 89' lang='lat' dir='ltr'><strong>deam</strong></span> <span class='ocrx_word' id='word_1_224' title='bbox 948 2003 986 2039; x_wconf 94' lang='lat' dir='ltr'><strong>in</strong></span> <span class='ocrx_word' id='word_1_225' title='bbox 1015 2001 1298 2039; x_wconf 86' lang='lat' dir='ltr'><strong>matrimonium</strong></span> <span class='ocrx_word' id='word_1_226' title='bbox 1327 2001 1479 2039; x_wconf 86' lang='lat' dir='ltr'><strong>ducere.</strong></span> <span class='ocrx_word' id='word_1_227' title='bbox 1518 2000 1731 2039; x_wconf 88' lang='lat' dir='ltr'><strong>Secundum</strong></span> <span class='ocrx_word' id='word_1_228' title='bbox 1762 2000 1924 2037; x_wconf 88' lang='lat' dir='ltr'><strong>alterum</strong></span> 
     </span>
     <span class='ocr_line' id='line_1_26' title="bbox 444 2065 1923 2116; baseline -0.001 -12"><span class='ocrx_word' id='word_1_229' title='bbox 444 2067 569 2104; x_wconf 90' lang='lat' dir='ltr'><strong>locum</strong></span> <span class='ocrx_word' id='word_1_230' title='bbox 602 2066 651 2104; x_wconf 93' lang='lat' dir='ltr'><strong>II.</strong></span> <span class='ocrx_word' id='word_1_231' title='bbox 682 2067 804 2105; x_wconf 84' lang='lat' dir='ltr'><strong>Maec.</strong></span> <span class='ocrx_word' id='word_1_232' title='bbox 836 2067 887 2116; x_wconf 87' lang='grc'><strong>(9,</strong></span> <span class='ocrx_word' id='word_1_233' title='bbox 911 2066 953 2114; x_wconf 84' lang='grc'><strong>9)</strong></span> <span class='ocrx_word' id='word_1_234' title='bbox 996 2066 1157 2113; x_wconf 86' lang='lat' dir='ltr'><strong>denique</strong></span> <span class='ocrx_word' id='word_1_235' title='bbox 1187 2066 1398 2104; x_wconf 89' lang='lat' dir='ltr'><strong>Antiochus</strong></span> <span class='ocrx_word' id='word_1_236' title='bbox 1440 2065 1645 2113; x_wconf 87' lang='lat' dir='ltr'><strong>phthiriasi</strong></span> <span class='ocrx_word' id='word_1_237' title='bbox 1674 2066 1923 2103; x_wconf 86' lang='lat' dir='ltr'><strong>consumitur.</strong></span> 
     </span>
     <span class='ocr_line' id='line_1_27' title="bbox 445 2130 1925 2178; baseline -0.001 -10"><span class='ocrx_word' id='word_1_238' title='bbox 445 2131 559 2169; x_wconf 90' lang='lat' dir='ltr'><strong>Hanc</strong></span> <span class='ocrx_word' id='word_1_239' title='bbox 602 2132 743 2169; x_wconf 84' lang='lat' dir='ltr'><strong>famam</strong></span> <span class='ocrx_word' id='word_1_240' title='bbox 774 2142 849 2169; x_wconf 89' lang='lat' dir='ltr'><strong>non</strong></span> <span class='ocrx_word' id='word_1_241' title='bbox 891 2135 950 2169; x_wconf 90' lang='lat' dir='ltr'><strong>est</strong></span> <span class='ocrx_word' id='word_1_242' title='bbox 993 2131 1091 2178; x_wconf 90' lang='lat' dir='ltr'><strong>quod</strong></span> <span class='ocrx_word' id='word_1_243' title='bbox 1122 2131 1393 2169; x_wconf 80' lang='lat' dir='ltr'><strong>examinemus.</strong></span> <span class='ocrx_word' id='word_1_244' title='bbox 1449 2131 1547 2168; x_wconf 89' lang='lat' dir='ltr'><strong>Nam</strong></span> <span class='ocrx_word' id='word_1_245' title='bbox 1588 2135 1632 2168; x_wconf 92' lang='lat' dir='ltr'><strong>ut</strong></span> <span class='ocrx_word' id='word_1_246' title='bbox 1672 2141 1748 2168; x_wconf 90' lang='lat' dir='ltr'><strong>non</strong></span> <span class='ocrx_word' id='word_1_247' title='bbox 1788 2130 1925 2175; x_wconf 86' lang='lat' dir='ltr'><strong>dicam,</strong></span> 
     </span>
     <span class='ocr_line' id='line_1_28' title="bbox 445 2195 1924 2244; baseline -0.001 -11"><span class='ocrx_word' id='word_1_248' title='bbox 445 2197 563 2234; x_wconf 87' lang='lat' dir='ltr'><strong>talem</strong></span> <span class='ocrx_word' id='word_1_249' title='bbox 592 2197 764 2234; x_wconf 89' lang='lat' dir='ltr'><strong>morbum</strong></span> <span class='ocrx_word' id='word_1_250' title='bbox 794 2207 959 2244; x_wconf 88' lang='lat' dir='ltr'><strong>unquam</strong></span> <span class='ocrx_word' id='word_1_251' title='bbox 989 2197 1108 2234; x_wconf 84' lang='lat' dir='ltr'><strong>fuisse</strong></span> <span class='ocrx_word' id='word_1_252' title='bbox 1136 2196 1302 2234; x_wconf 87' lang='lat' dir='ltr'><strong>medicos</strong></span> <span class='ocrx_word' id='word_1_253' title='bbox 1330 2207 1492 2243; x_wconf 88' lang='lat' dir='ltr'><strong>negare,</strong></span> <span class='ocrx_word' id='word_1_254' title='bbox 1530 2195 1645 2233; x_wconf 86' lang='lat' dir='ltr'><strong>facile</strong></span> <span class='ocrx_word' id='word_1_255' title='bbox 1679 2195 1924 2242; x_wconf 87' lang='lat' dir='ltr'><strong>intelligitur,</strong></span> 
     </span>
    </p>
   </div>
   <div class='ocr_carea' id='block_1_3' title="bbox 444 2275 725 2280">
    <p class='ocr_par' dir='ltr' id='par_1_3' title="bbox 444 2275 725 2280">
     <span class='ocr_line' id='line_1_29' title="bbox 444 2275 725 2280; baseline 0 0"><span class='ocrx_word' id='word_1_256' title='bbox 444 2275 725 2280; x_wconf 95' lang='lat' dir='ltr'><strong> </strong></span> 
     </span>
    </p>
   </div>
   <div class='ocr_carea' id='block_1_4' title="bbox 449 2305 1927 2412">
    <p class='ocr_par' dir='ltr' id='par_1_4' title="bbox 449 2305 1927 2412">
     <span class='ocr_line' id='line_1_30' title="bbox 594 2305 1927 2353; baseline -0.001 -11"><span class='ocrx_word' id='word_1_257' title='bbox 594 2309 620 2351; x_wconf 88' lang='lat'><strong>¹)</strong></span> <span class='ocrx_word' id='word_1_258' title='bbox 647 2307 751 2342; x_wconf 89' lang='lat' dir='ltr'><strong>Idem</strong></span> <span class='ocrx_word' id='word_1_259' title='bbox 787 2307 976 2343; x_wconf 85' lang='lat' dir='ltr'><strong>invenitur</strong></span> <span class='ocrx_word' id='word_1_260' title='bbox 1013 2307 1112 2353; x_wconf 87' lang='lat' dir='ltr'><strong>apud</strong></span> <span class='ocrx_word' id='word_1_261' title='bbox 1149 2307 1250 2353; x_wconf 89' lang='lat' dir='ltr'><strong>Sulp.</strong></span> <span class='ocrx_word' id='word_1_262' title='bbox 1279 2307 1360 2344; x_wconf 89' lang='lat' dir='ltr'><strong>Sev.</strong></span> <span class='ocrx_word' id='word_1_263' title='bbox 1387 2307 1511 2343; x_wconf 84' lang='lat' dir='ltr'><strong>chron.</strong></span> <span class='ocrx_word' id='word_1_264' title='bbox 1539 2306 1586 2351; x_wconf 87' lang='lat' dir='ltr'><strong>H,</strong></span> <span class='ocrx_word' id='word_1_265' title='bbox 1605 2309 1665 2350; x_wconf 77' lang='lat'><strong>223</strong></span> <span class='ocrx_word' id='word_1_266' title='bbox 1702 2306 1852 2342; x_wconf 89' lang='lat' dir='ltr'><strong>Hieron.</strong></span> <span class='ocrx_word' id='word_1_267' title='bbox 1880 2305 1927 2341; x_wconf 85' lang='lat' dir='ltr'><strong>ad</strong></span> 
     </span>
     <span class='ocr_line' id='line_1_31' title="bbox 449 2365 1149 2412; baseline 0.001 -11"><span class='ocrx_word' id='word_1_268' title='bbox 449 2365 594 2402; x_wconf 87' lang='lat' dir='ltr'><strong>Daniel.</strong></span> <span class='ocrx_word' id='word_1_269' title='bbox 624 2370 682 2410; x_wconf 82' lang='lat'><strong>113</strong></span> <span class='ocrx_word' id='word_1_270' title='bbox 712 2366 844 2412; x_wconf 86' lang='lat' dir='ltr'><strong>Georg.</strong></span> <span class='ocrx_word' id='word_1_271' title='bbox 871 2366 979 2412; x_wconf 86' lang='lat' dir='ltr'><strong>Sync.</strong></span> <span class='ocrx_word' id='word_1_272' title='bbox 1005 2378 1040 2412; x_wconf 91' lang='lat' dir='ltr'><strong>p.</strong></span> <span class='ocrx_word' id='word_1_273' title='bbox 1068 2369 1149 2404; x_wconf 78' lang='lat'><strong>533.</strong></span> 
     </span>
    </p>
   </div>
   <div class='ocr_carea' id='block_1_5' title="bbox 445 2424 1927 2828">
    <p class='ocr_par' dir='ltr' id='par_1_5' title="bbox 445 2424 1927 2531">
     <span class='ocr_line' id='line_1_32' title="bbox 585 2424 1927 2471; baseline -0.001 -11"><span class='ocrx_word' id='word_1_274' title='bbox 585 2426 609 2471; x_wconf 85' lang='grc'><strong>2)</strong></span> <span class='ocrx_word' id='word_1_275' title='bbox 636 2424 747 2461; x_wconf 85' lang='lat' dir='ltr'><strong>Falso</strong></span> <span class='ocrx_word' id='word_1_276' title='bbox 774 2426 927 2461; x_wconf 87' lang='lat' dir='ltr'><strong>adnotat</strong></span> <span class='ocrx_word' id='word_1_277' title='bbox 952 2425 1058 2461; x_wconf 86' lang='lat' dir='ltr'><strong>Pertz</strong></span> <span class='ocrx_word' id='word_1_278' title='bbox 1083 2437 1119 2471; x_wconf 90' lang='lat' dir='ltr'><strong>p.</strong></span> <span class='ocrx_word' id='word_1_279' title='bbox 1144 2429 1189 2462; x_wconf 81' lang='grc'><strong>46</strong></span> <span class='ocrx_word' id='word_1_280' title='bbox 1217 2425 1300 2461; x_wconf 82' lang='grc'><strong>3(111.</strong></span> <span class='ocrx_word' id='word_1_281' title='bbox 1320 2428 1357 2461; x_wconf 73' lang='lat'><strong>2:</strong></span> <span class='ocrx_word' id='word_1_282' title='bbox 1391 2425 1613 2471; x_wconf 86' lang='lat' dir='ltr'><strong>„secundum</strong></span> <span class='ocrx_word' id='word_1_283' title='bbox 1638 2424 1835 2470; x_wconf 89' lang='lat' dir='ltr'><strong>Polybium</strong></span> <span class='ocrx_word' id='word_1_284' title='bbox 1860 2434 1927 2460; x_wconf 80' lang='lat' dir='ltr'><strong>rex</strong></span> 
     </span>
     <span class='ocr_line' id='line_1_33' title="bbox 445 2484 1360 2531; baseline 0.001 -12"><span class='ocrx_word' id='word_1_285' title='bbox 445 2484 622 2530; x_wconf 86' lang='lat' dir='ltr'><strong>templum</strong></span> <span class='ocrx_word' id='word_1_286' title='bbox 648 2484 790 2520; x_wconf 88' lang='lat' dir='ltr'><strong>Dianae</strong></span> <span class='ocrx_word' id='word_1_287' title='bbox 814 2484 854 2520; x_wconf 89' lang='lat' dir='ltr'><strong>in</strong></span> <span class='ocrx_word' id='word_1_288' title='bbox 878 2484 1073 2531; x_wconf 88' lang='lat' dir='ltr'><strong>Elymaide</strong></span> <span class='ocrx_word' id='word_1_289' title='bbox 1098 2484 1360 2530; x_wconf 83' lang='lat' dir='ltr'><strong>spoliaverat“.</strong></span> 
     </span>
    </p>

    <p class='ocr_par' dir='ltr' id='par_1_6' title="bbox 445 2543 1927 2828">
     <span class='ocr_line' id='line_1_34' title="bbox 587 2543 1927 2591; baseline 0 -12"><span class='ocrx_word' id='word_1_290' title='bbox 587 2543 615 2588; x_wconf 81' lang='grc'><strong>3)</strong></span> <span class='ocrx_word' id='word_1_291' title='bbox 643 2543 835 2589; x_wconf 91' lang='lat' dir='ltr'><strong>Templum</strong></span> <span class='ocrx_word' id='word_1_292' title='bbox 872 2543 1023 2580; x_wconf 88' lang='lat' dir='ltr'><strong>Naneae</strong></span> <span class='ocrx_word' id='word_1_293' title='bbox 1061 2544 1195 2580; x_wconf 83' lang='lat' dir='ltr'><strong>dicitur</strong></span> <span class='ocrx_word' id='word_1_294' title='bbox 1226 2544 1273 2580; x_wconf 87' lang='grc' dir='ltr'><strong>ΙΙ.</strong></span> <span class='ocrx_word' id='word_1_295' title='bbox 1299 2544 1411 2580; x_wconf 85' lang='grc' dir='ltr'><strong>Μ300.</strong></span> <span class='ocrx_word' id='word_1_296' title='bbox 1441 2548 1546 2589; x_wconf 81' lang='lat'>1,11,</span> <span class='ocrx_word' id='word_1_297' title='bbox 1584 2543 1787 2591; x_wconf 70' lang='grc' dir='ltr'>Ἀρτέμιδος</span> <span class='ocrx_word' id='word_1_298' title='bbox 1829 2543 1927 2589; x_wconf 85' lang='lat' dir='ltr'><strong>apud</strong></span> 
     </span>
     <span class='ocr_line' id='line_1_35' title="bbox 445 2602 1927 2650; baseline 0.001 -13"><span class='ocrx_word' id='word_1_299' title='bbox 445 2602 585 2648; x_wconf 59' lang='lat' dir='ltr'><strong>Polyb„</strong></span> <span class='ocrx_word' id='word_1_300' title='bbox 611 2603 823 2650; x_wconf 69' lang='grc' dir='ltr'>Ἀφροδίτης</span> <span class='ocrx_word' id='word_1_301' title='bbox 851 2603 949 2649; x_wconf 89' lang='lat' dir='ltr'><strong>apud</strong></span> <span class='ocrx_word' id='word_1_302' title='bbox 965 2604 1075 2649; x_wconf 63' lang='lat' dir='ltr'><strong>App„</strong></span> <span class='ocrx_word' id='word_1_303' title='bbox 1102 2614 1197 2650; x_wconf 88' lang='lat' dir='ltr'><strong>quae</strong></span> <span class='ocrx_word' id='word_1_304' title='bbox 1216 2614 1342 2639; x_wconf 89' lang='lat' dir='ltr'><strong>omnes</strong></span> <span class='ocrx_word' id='word_1_305' title='bbox 1361 2603 1516 2639; x_wconf 88' lang='lat' dir='ltr'><strong>eandem</strong></span> <span class='ocrx_word' id='word_1_306' title='bbox 1535 2603 1642 2639; x_wconf 90' lang='lat' dir='ltr'><strong>deam</strong></span> <span class='ocrx_word' id='word_1_307' title='bbox 1659 2602 1927 2649; x_wconf 86' lang='lat' dir='ltr'><strong>Babylonicam</strong></span> 
     </span>
     <span class='ocr_line' id='line_1_36' title="bbox 448 2660 1927 2708; baseline 0.001 -12"><span class='ocrx_word' id='word_1_308' title='bbox 448 2660 596 2696; x_wconf 72' lang='grc' dir='ltr'>Ναναιάν</span> <span class='ocrx_word' id='word_1_309' title='bbox 635 2662 844 2707; x_wconf 83' lang='lat' dir='ltr'><strong>significant</strong></span> <span class='ocrx_word' id='word_1_310' title='bbox 881 2662 941 2707; x_wconf 85' lang='lat' dir='ltr'><strong>(cf.</strong></span> <span class='ocrx_word' id='word_1_311' title='bbox 968 2662 1033 2698; x_wconf 84' lang='lat' dir='ltr'><strong>Ed.</strong></span> <span class='ocrx_word' id='word_1_312' title='bbox 1060 2663 1187 2708; x_wconf 88' lang='lat' dir='ltr'><strong>Meyer</strong></span> <span class='ocrx_word' id='word_1_313' title='bbox 1223 2662 1262 2697; x_wconf 93' lang='lat' dir='ltr'><strong>in</strong></span> <span class='ocrx_word' id='word_1_314' title='bbox 1289 2662 1467 2698; x_wconf 88' lang='lat' dir='ltr'><strong>Roscheri</strong></span> <span class='ocrx_word' id='word_1_315' title='bbox 1501 2662 1589 2698; x_wconf 82' lang='lat' dir='ltr'><strong>Lex.</strong></span> <span class='ocrx_word' id='word_1_316' title='bbox 1615 2662 1733 2708; x_wconf 87' lang='lat' dir='ltr'><strong>Myth.</strong></span> <span class='ocrx_word' id='word_1_317' title='bbox 1757 2673 1796 2708; x_wconf 90' lang='lat' dir='ltr'><strong>p.</strong></span> <span class='ocrx_word' id='word_1_318' title='bbox 1822 2663 1927 2707; x_wconf 69' lang='lat'>646);</span> 
     </span>
     <span class='ocr_line' id='line_1_37' title="bbox 446 2721 1925 2769; baseline 0 -13"><span class='ocrx_word' id='word_1_319' title='bbox 446 2732 536 2757; x_wconf 88' lang='lat' dir='ltr'><strong>num</strong></span> <span class='ocrx_word' id='word_1_320' title='bbox 553 2721 681 2757; x_wconf 88' lang='lat' dir='ltr'><strong>eadem</strong></span> <span class='ocrx_word' id='word_1_321' title='bbox 699 2722 748 2758; x_wconf 88' lang='lat' dir='ltr'><strong>sit</strong></span> <span class='ocrx_word' id='word_1_322' title='bbox 765 2733 860 2768; x_wconf 89' lang='lat' dir='ltr'><strong>quae</strong></span> <span class='ocrx_word' id='word_1_323' title='bbox 876 2723 1035 2768; x_wconf 75' lang='lat' dir='ltr'><strong>Anaffis,</strong></span> <span class='ocrx_word' id='word_1_324' title='bbox 1053 2723 1177 2758; x_wconf 87' lang='lat' dir='ltr'><strong>Diana</strong></span> <span class='ocrx_word' id='word_1_325' title='bbox 1189 2722 1348 2768; x_wconf 82' lang='lat' dir='ltr'><strong>Persica,</strong></span> <span class='ocrx_word' id='word_1_326' title='bbox 1367 2722 1465 2769; x_wconf 91' lang='lat' dir='ltr'><strong>quod</strong></span> <span class='ocrx_word' id='word_1_327' title='bbox 1478 2721 1676 2757; x_wconf 84' lang='lat' dir='ltr'><strong>Hoffmann</strong></span> <span class='ocrx_word' id='word_1_328' title='bbox 1691 2725 1741 2768; x_wconf 93' lang='lat' dir='ltr'><strong>(p.</strong></span> <span class='ocrx_word' id='word_1_329' title='bbox 1763 2723 1807 2757; x_wconf 77' lang='lat'><strong>78</strong></span> <span class='ocrx_word' id='word_1_330' title='bbox 1826 2721 1925 2765; x_wconf 85' lang='lat' dir='ltr'><strong>adn.)</strong></span> 
     </span>
     <span class='ocr_line' id='line_1_38' title="bbox 447 2780 1837 2828; baseline -0.002 -11"><span class='ocrx_word' id='word_1_331' title='bbox 447 2781 585 2827; x_wconf 85' lang='lat' dir='ltr'><strong>aliique</strong></span> <span class='ocrx_word' id='word_1_332' title='bbox 610 2783 831 2827; x_wconf 81' lang='lat' dir='ltr'><strong>statuerunt,</strong></span> <span class='ocrx_word' id='word_1_333' title='bbox 857 2781 1008 2818; x_wconf 89' lang='lat' dir='ltr'><strong>dubium</strong></span> <span class='ocrx_word' id='word_1_334' title='bbox 1035 2784 1092 2818; x_wconf 88' lang='lat' dir='ltr'><strong>est</strong></span> <span class='ocrx_word' id='word_1_335' title='bbox 1119 2781 1271 2825; x_wconf 63' lang='lat' dir='ltr'><strong>(ct-Ed.</strong></span> <span class='ocrx_word' id='word_1_336' title='bbox 1298 2782 1425 2828; x_wconf 88' lang='lat' dir='ltr'><strong>Meyer</strong></span> <span class='ocrx_word' id='word_1_337' title='bbox 1449 2781 1472 2818; x_wconf 92' lang='lat' dir='ltr'><strong>l.</strong></span> <span class='ocrx_word' id='word_1_338' title='bbox 1501 2792 1529 2817; x_wconf 90' lang='grc'><strong>0.</strong></span> <span class='ocrx_word' id='word_1_339' title='bbox 1557 2793 1592 2827; x_wconf 90' lang='lat' dir='ltr'><strong>p.</strong></span> <span class='ocrx_word' id='word_1_340' title='bbox 1620 2783 1688 2818; x_wconf 88' lang='grc'><strong>333</strong></span> <span class='ocrx_word' id='word_1_341' title='bbox 1714 2780 1837 2826; x_wconf 73' lang='lat' dir='ltr'><strong>med).</strong></span> 
     </span>
    </p>
   </div>
  </div>
 </body>
</html>
