2066 3448
442 517 594 564 Madvig
624 518 773 565 quidem
803 528 848 554 ex
876 517 934 554 his
963 516 1090 554 verbis
1117 527 1190 553 non
1226 517 1410 554 conclusit
1437 517 1678 556 Licinianum
1707 518 1796 556 inde
1824 519 1864 566 (i.
1882 530 1914 556 6.

444 594 465 619 a
494 581 602 620 Sulla
630 582 796 630 mortuo)
816 581 989 619 Sallustii
1017 581 1188 618 historiis
1217 592 1344 619 usum
1372 592 1465 628 esse,
1495 583 1562 619 sed
1590 583 1689 620 hunc
1708 584 1833 621 locum
1859 583 1915 621 ita

445 647 662 694 explicavit,
705 652 748 684 ut
788 649 943 694 putaret
969 645 1212 682 Licinianum
1254 646 1321 682 uni
1348 645 1459 684 Livio
1503 647 1709 694 addictum,
1756 659 1839 686 cum
1868 648 1917 685 ad

445 722 583 748 annum
615 713 690 749 676
719 711 805 761 (78)
848 710 1096 758 pervenisset,
1141 711 1493 747 commemoravisse
1536 710 1772 756 Sallustium,
1815 712 1917 759 quod

447 780 741 814 consentaneum
770 780 871 814 esset
889 777 1063 821 legentes
1084 779 1306 823 exspectare
1327 775 1513 814 Granium
1543 787 1586 814 eo
1614 777 1698 814 loco
1717 788 1918 815 recurrere

445 840 494 877 ad
522 841 685 878 alterum
706 852 833 878 rerum
854 841 1077 887 scriptorem
1096 840 1136 877 in
1155 840 1295 877 scholis
1315 841 1565 885 celebratum;
1596 846 1636 878 at
1655 852 1738 879 cum
1761 842 1919 880 adderet

445 904 668 943 Sallustium
697 905 770 942 alio
792 910 904 952 atque
924 916 964 942 se
985 905 1141 942 consilio
1161 916 1223 942 res
1241 905 1434 943 Romanas
1455 905 1663 953 scripsisse,
1681 906 1918 944 Licinianum

446 981 584 1017 negare
627 981 665 1008 se
708 981 754 1007 ex
795 970 860 1007 1110
904 980 986 1007 6336
1020 970 1257 1007 hausturum.
1312 968 1388 1006 Sed
1430 970 1529 1007 hanc
1558 970 1917 1017 interpretationem

444 1035 604 1081 Madvig
645 1045 711 1072 suo
754 1038 903 1071 tantum
945 1034 1106 1071 arbitrio
1150 1033 1284 1072 fecisse
1325 1034 1418 1071 mihi
1462 1034 1623 1073 videtur.
1681 1034 1775 1072 Cum
1821 1035 1919 1073 enim

446 1100 613 1146 scriptor
643 1100 734 1137 dicit
763 1098 935 1137 ‘Sallusti
965 1110 1060 1146 opus
1089 1100 1196 1136 nobis
1227 1100 1406 1144 occurrit,
1437 1100 1502 1136 sed
1531 1110 1598 1137 nos
1627 1103 1670 1136 ut
1689 1100 1921 1138 instituimus

447 1175 573 1202 moras
604 1169 643 1202 et
670 1175 746 1202 non
775 1164 951 1212 urgentia
973 1165 1213 1209 omittemus',
1244 1163 1467 1202 Sallustium
1497 1176 1573 1202 11011
1600 1168 1769 1202 totum
1796 1165 1920 1212 reicit,

450 1229 516 1266 sed
546 1230 736 1276 significat
764 1233 914 1266 tantum
944 1241 984 1267 se
1015 1241 1057 1267 eo
1089 1240 1199 1274 „cum
1228 1240 1346 1275 grano
1377 1229 1506 1277 salis“,
1536 1235 1579 1266 ut
1600 1230 1715 1275 aiunt,
1744 1231 1802 1267 uti
1822 1230 1921 1268 velle

446 1295 563 1332 moris
592 1295 672 1332 eius
702 1295 1035 1342 praetermissis.¹)
1095 1294 1145 1331 Et
1189 1294 1363 1342 profecto
1393 1294 1714 1332 Maurenbrecher
1741 1296 1766 1333 1.
1797 1306 1829 1333 c.
1860 1295 1922 1332 de-

447 1361 674 1398 monstravit
701 1361 739 1397 in
769 1371 811 1398 eo
842 1360 977 1407 capite,
1011 1360 1110 1406 quod
1140 1365 1198 1397 est
1227 1360 1273 1397 (16
1301 1361 1414 1397 rebus
1443 1371 1541 1397 anno
1572 1361 1647 1398 676
1677 1359 1762 1409 (78)
1791 1360 1922 1407 gestis,

449 1426 645 1472 complura
686 1426 818 1471 inesse7
865 1436 961 1471 quae
1005 1436 1088 1462 cum
1119 1424 1211 1462 Sall.
1243 1426 1310 1462 srr‚
1341 1430 1380 1462 et
1407 1425 1514 1463 Julio
1544 1425 1807 1473 Exuperantio
1837 1435 1924 1462 con-

455 1495 599 1537 gruant
656 1494 768 1536 atque
823 1489 1039 1527 luculenter
1102 1489 1305 1526 ostendant
1359 1489 1603 1527 Licinianum
1658 1490 1823 1537 pendere
1879 1500 1925 1527 ex

449 1554 642 1593 Sallustio,

555 1619 737 1658 Refutata
778 1620 899 1667 igitur
942 1624 1000 1656 est
1033 1620 1224 1656 sententia
1254 1630 1404 1665 eorum,
1449 1620 1513 1665 qui
1542 1620 1782 1657 Licinianum
1810 1629 1924 1656 unum

450 1695 577 1721 rerum
617 1685 816 1732 scriptoris
853 1695 946 1731 opus
977 1684 1209 1731 excerpsisse
1239 1685 1470 1722 existimant.
1528 1684 1628 1730 Quos
1657 1688 1813 1731 praeter
1841 1682 1925 1721 Sal-

450 1750 606 1787 lustium
634 1750 812 1787 habuerit
840 1749 964 1787 fontes
993 1760 1140 1796 quoque
1169 1749 1277 1787 modo
1309 1750 1362 1788 eis
1391 1761 1481 1787 usus
1510 1749 1578 1794 sit,
1615 1749 1653 1786 in
1683 1749 1924 1796 sequentibus

451 1815 638 1862 capitibus
681 1815 897 1853 accuratius
941 1815 1140 1852 ostendere
1182 1815 1275 1851 mihi
1317 1815 1509 1863 proposui.
1566 1814 1680 1852 Duae
1708 1820 1837 1851 tamen
1866 1823 1926 1850 res

449 1881 753 1927 praemittendae
782 1884 881 1925 sunt,
912 1891 1008 1927 quae
1036 1880 1234 1927 pertinent
1263 1880 1310 1917 ad
1338 1881 1618 1928 proprietatem
1638 1880 1764 1926 operis
1782 1879 1822 1916 in
1841 1879 1926 1916 uni-

451 1956 599 1983 versum
630 1945 941 1993 cognoscendam.

558 2011 618 2047 Ac
659 2012 823 2058 primum
866 2010 1016 2057 quidem
1059 2010 1280 2058 saepissime
1324 2011 1425 2058 apud
1454 2010 1696 2048 Licinianum
1725 2012 1927 2047 occurrunt

451 2076 645 2123 prodigia,
689 2087 845 2122 quorum
887 2076 927 2112 in
956 2076 1125 2113 fontibus
1155 2076 1423 2113 exhauriendis
1451 2075 1604 2113 videtur
1632 2075 1750 2112 fuisse
1779 2073 1928 2111 studio-

453 2141 623 2179 sissimus
653 2141 718 2189 (ct'.
751 2141 808 2178 ed.
835 2141 958 2178 Bonn.
989 2153 1024 2188 p.
1051 2142 1109 2186 10,
1133 2142 1181 2178 22
1212 2146 1251 2178 et
1277 2141 1453 2188 inprimis
1472 2153 1507 2189 p.
1530 2141 1609 2189 20).
1653 2140 1760 2177 Fieri
1787 2142 1926 2187 potest,

453 2210 497 2243 ut
537 2206 608 2243 hac
642 2206 682 2243 in
714 2217 758 2243 re
787 2206 1049 2252 cognoscenda
1077 2206 1185 2244 nobis
1214 2206 1264 2243 sit
1293 2207 1349 2242 vis
1378 2205 1530 2244 Stoicae
1560 2206 1776 2246 doctrinae,
1819 2204 1927 2241 cuius

453 2273 628 2318 potentia
655 2276 737 2308 tum
765 2272 930 2308 maxima
958 2275 1053 2308 erat.

561 2336 710 2374 Deinde
739 2336 904 2383 scriptor
933 2336 1084 2382 saepius
1104 2339 1219 2382 atque
1240 2335 1428 2382 copiosius
1447 2335 1660 2372 narrationi
1679 2334 1813 2371 inserit
1831 2333 1930 2370 anti-

456 2402 631 2448 quitates.
676 2400 795 2438 Cuius
824 2401 1070 2448 proprietatis
1098 2401 1248 2447 insigne
1278 2400 1490 2447 exemplum
1519 2399 1701 2437 habemus
1732 2399 1797 2436 fol.
1826 2398 1887 2436 XI
1904 2409 1929 2435 u

458 2466 536 2513 (ed.
566 2466 688 2503 Bonn.
718 2477 756 2513 p.
786 2465 839 2514 4).
882 2465 1052 2503 Dextrae
1081 2466 1278 2503 columnae
1306 2465 1415 2503 initio
1435 2465 1656 2502 Licinianus
1683 2463 1854 2510 loquitur
1883 2462 1929 2500 de

458 2542 563 2568 more
592 2542 614 2568 a
642 2530 852 2577 Tarquinio
881 2530 1075 2575 instituto,
1119 2530 1323 2568 secundum
1353 2541 1461 2576 quem
1489 2530 1632 2576 equites
1658 2529 1807 2576 priores
1827 2528 1930 2565 binos

459 2607 572 2642 equos
601 2596 640 2633 in
668 2606 838 2642 pugnam
867 2595 1073 2639 ducebant3
1103 2596 1170 2632 sub
1199 2594 1405 2641 fragmenti
1423 2594 1535 2632 finem
1554 2605 1691 2632 nomen
1709 2592 1930 2631 flexuntium

460 2662 643 2709 explicat3
672 2661 737 2707 qui
765 2660 1010 2698 intercedunt
1038 2660 1208 2698 versibus
1237 2660 1389 2697 videtur
1417 2659 1664 2706 quaesivisse,
1708 2663 1836 2695 utrum
1864 2657 1930 2695 ille

556 2796 584 2840 l)
611 2795 669 2831 Sic
694 2796 768 2830 iam
793 2794 930 2830 Linker
955 2806 990 2840 p.
1018 2796 1084 2831 637
1110 2796 1211 2830 recte
1235 2795 1503 2840 interpretatus
1530 2797 1594 2830 est.
