2066 3448
825 376 1084 417 ,5-

234 507 402 557 natum1)
444 518 519 544 non
562 506 752 544 diversum
797 515 879 542 esse
922 516 944 540 a
973 503 1115 541 Granio
1151 501 1354 539 Liciniano
1398 499 1498 547 apud
1534 498 1703 536 Macrob.

233 573 314 612 Sat.
343 572 377 618 I,
411 573 470 617 16,
501 572 551 608 30
579 570 644 620 (fr.
673 570 712 619 Ι)
749 570 922 613 laudato,
960 579 1042 606 cum
1071 569 1111 605 in
1139 571 1302 613 utroque
1330 566 1413 603 loco
1444 565 1489 602 de
1517 562 1707 601 flaminica

234 648 357 676 sermo
377 637 445 675 sit:
475 636 633 684 proinde
653 635 761 681 quasi
791 647 812 671 a
842 633 987 671 duobus
1015 643 1143 670 rerum
1172 632 1416 677 antiquarum
1445 628 1708 676 scriptoribus,

233 703 337 741 inter
355 713 448 749 quos
469 701 576 738 nulla
594 699 808 737 intercedat
827 697 1078 743 necessitudo,
1108 696 1300 734 flaminica
1320 693 1607 733 commemorari
1635 703 1707 729 non

234 767 419 815 potuerit:
463 777 551 803 nam
590 765 667 802 illis
710 764 854 802 duobus
895 763 989 800 locis
1025 762 1152 809 agitur
1194 761 1239 798 de
1275 761 1389 798 rebus
1431 758 1708 797 diversissimis.

234 831 445 870 Praeterea
472 830 635 868 Kettner
661 830 761 866 inter
790 827 927 865 Granii
955 826 1146 864 Liciniani
1175 826 1274 873 apud
1300 825 1469 862 Macrob.
1489 824 1514 860 l.
1536 835 1566 861 c.
1588 823 1653 871 (fr.
1674 821 1709 869 I)

236 900 276 934 et
304 895 444 934 Granii
471 895 603 933 Flacci
633 894 732 941 apud
759 893 922 931 Paulum
958 892 983 928 1.
1015 903 1046 929 c.
1077 892 1139 940 (fr.
1171 890 1248 939 VI)
1275 889 1492 937 fragmenta
1524 887 1709 932 „necessi-

236 961 408 999 tudinem
438 960 645 1007 quandam“
679 962 884 1006 propterea
912 957 1070 1000 statuit,
1114 956 1213 1002 quod
1241 956 1289 993 ab
1318 958 1481 1000 utroque
1511 952 1711 990 disseritur

238 1026 285 1064 de
335 1026 575 1072 antiquorum
630 1028 843 1071 temporum
891 1022 1057 1060 moribus
1114 1022 1160 1058 ab
1215 1019 1492 1058 recentioribus
1539 1017 1710 1055 diversis.

236 1091 352 1129 Hanc
409 1101 561 1128 causam
613 1089 763 1127 futilem
810 1097 1020 1133 vanamque
1070 1097 1151 1123 esse
1199 1096 1272 1122 non
1320 1089 1377 1121 est
1422 1083 1522 1130 quod
1563 1081 1713 1128 longius

240 1156 448 1194 doceamus.
461 1154 491 1204 2)

378 1220 453 1258 Sed
479 1220 547 1257 illa
576 1219 724 1267 opinio,
768 1229 842 1264 qua
871 1216 1040 1255 Granius
1070 1216 1233 1254 Flaccus
1274 1214 1497 1251 Licinianus
1541 1221 1711 1259 compro·

237 1286 364 1329 batur,
406 1296 481 1322 non
509 1284 630 1322 solum
658 1284 764 1320 firmo
794 1283 1040 1320 fundamento
1071 1284 1198 1325 caret,
1235 1279 1303 1317 sed
1332 1279 1449 1316 etiam
1477 1276 1713 1324 gravissimis

239 1350 475 1397 argumentis
502 1352 630 1396 potest
657 1347 830 1386 refutari.

380 1416 446 1453 An
487 1414 695 1453 verisimile
737 1417 795 1450 cst
837 1412 1095 1453 Mam-obium,
1145 1421 1256 1457 quem
1297 1410 1338 1447 in
1379 1409 1529 1445 ratione
1572 1406 1714 1444 citandi

239 1491 388 1528 semper
415 1479 489 1518 sibi
517 1482 693 1517 constare
721 1482 851 1515 notum
881 1481 948 1523 est,
981 1476 1137 1514 eundem
1158 1476 1385 1522 scriptorem
1407 1462 1569 1511 diversis
1597 1471 1714 1508 nomi—

240 1545 351 1583 nibus
365 1544 630 1592 significasse?
659 1542 784 1592 Quid?
815 1543 849 1580 si
870 1543 1085 1589 fragmenta
1105 1543 1233 1578 essent
1253 1551 1299 1577 ex
1319 1538 1480 1576 historia
1496 1536 1716 1575 Caesaris

240 1610 476 1658 temporibus
504 1610 661 1657 scripta,
689 1619 813 1646 nonne
833 1608 969 1645 mirum
990 1610 1101 1651 esset,
1132 1605 1231 1652 quod
1262 1605 1307 1641 de
1335 1605 1407 1642 hac
1435 1613 1594 1651 prorsus
1621 1601 1716 1638 nihil

241 1675 351 1713 nobis
380 1674 564 1712 traditum
594 1677 669 1715 est.
707 1685 791 1711 cum
822 1676 1032 1710 ceterorum
1061 1671 1173 1708 huius
1201 1669 1383 1718 temporis
1412 1668 1642 1715 scriptorum
1670 1677 1717 1703 ne

244 1740 290 1777 de
319 1739 573 1778 mediocribus
609 1738 759 1785 quidem
801 1738 983 1775 memoria
1019 1735 1143 1774 desit‘?
1199 1735 1394 1773 Postremo
1424 1735 1463 1771 in
1491 1733 1586 1780 ipsis
1612 1731 1716 1778 frag-

241 1804 380 1843 mentis
407 1804 537 1842 insunt
564 1803 748 1840 nonnulla
777 1806 886 1840 certa
913 1801 1096 1849 vestigia,
1140 1801 1276 1847 quibus
1318 1800 1545 1847 scriptorem
1589 1796 1717 1834 multis

244 1868 354 1907 annis
381 1873 470 1917 post
487 1868 664 1907 Caesaris
693 1871 859 1906 aetatem
879 1867 1016 1904 vixisse
1045 1867 1138 1904 satis
1159 1869 1263 1903 certo
1293 1869 1422 1912 potest
1452 1862 1716 1901 demonstrari.

383 1934 483 1974 Nam
524 1938 613 1971 ante
654 1933 844 1970 Hadriani
886 1936 1059 1980 tempora
1094 1930 1335 1969 Licinianum
1378 1940 1472 1977 opus
1513 1939 1589 1965 non
1629 1937 1718 1964 con-

246 2000 445 2047 scripsisse
487 1999 611 2036 elucet
639 2010 685 2036 ex
729 1997 856 2036 verbis
899 1997 980 2046 (fol.
1010 1997 1086 2041 Xr‚
1117 1996 1173 2033 ed.
1203 1996 1327 2033 Bonn.
1357 2006 1393 2043 p.
1424 1995 1448 2031 8
1477 1993 1508 2030 B
1539 1994 1588 2030 22
1617 1991 1718 2039 sqq.)

246 2064 375 2102 ‘aedes
416 2064 649 2101 nobilissima
679 2062 847 2112 Olympii
875 2062 978 2100 Iovis
1006 2061 1257 2099 Atheniensis
1292 2060 1356 2097 diu
1384 2058 1609 2107 imperfecta
1635 2066 1719 2103 per-

246 2129 409 2167 mansit'.
465 2129 619 2166 Etenim
661 2132 704 2165 ut
736 2128 819 2172 „vir
849 2127 999 2174 quidam
1031 2130 1068 2164 et
1097 2126 1271 2164 doctrina
1301 2130 1339 2163 et
1368 2122 1635 2162 benevolentia
1663 2121 1720 2158 in-

245 2194 387 2241 signis“
419 2194 494 2231 iam
515 2193 598 2232 edd.
620 2193 740 2231 Bonn.
764 2193 971 2237 admonuit,
1001 2192 1056 2229 ita
1082 2191 1197 2229 scribi
1216 2202 1291 2229 non
1311 2192 1465 2238 poterat
1484 2189 1558 2226 nisi
1578 2186 1719 2233 templo

389 2353 415 2398 ¹)
441 2353 548 2388 Hunc
574 2351 752 2388 Granium
784 2362 865 2387 esse
892 2351 1070 2387 Granium
1094 2350 1286 2395 Flaccum,
1324 2347 1515 2394 aequalem
1541 2344 1722 2389 Caesaris,

247 2412 446 2447 verisimile
483 2413 541 2448 est
576 2413 789 2457 propterea,
829 2410 928 2456 quod
952 2409 1085 2445 Festus
1117 2409 1246 2445 Verrio
1271 2407 1404 2444 Flacco
1443 2407 1592 2442 auctore
1631 2414 1720 2439 usus

247 2471 466 2507 vetustiores
491 2472 637 2506 tantum
661 2470 859 2515 scriptores
886 2469 1060 2515 appellat.

391 2554 416 2599 ²)
441 2553 493 2589 At
515 2552 673 2589 Kettner
699 2554 735 2588 et
758 2552 954 2588 Francken
987 2551 1179 2597 probabile
1204 2549 1447 2586 reddiderunt
1471 2546 1722 2593 antiquarium

249 2612 365 2656 illum,
403 2622 513 2658 quem
536 2612 723 2647 Arnobius
749 2611 926 2648 Granium
963 2613 1108 2647 tantum
1134 2609 1297 2656 appellat
1329 2608 1386 2654 (fr.
1412 2606 1605 2652 VIII—X),
1643 2616 1723 2641 esse

251 2672 429 2709 Granium
453 2670 638 2707 Flaccum.
670 2670 727 2706 De
753 2670 914 2707 ‘Granio’
942 2672 979 2706 et
1004 2669 1216 2706 ‘Liciniano’
1244 2680 1265 2704 a
1291 2668 1415 2705 Solino
1442 2666 1564 2702 allatis
1591 2665 1651 2711 (fr.
1668 2664 1723 2700 III

251 2733 288 2767 et
312 2730 395 2776 VII)
421 2729 504 2766 vide
528 2729 636 2766 infra.
