2066 3448
1019 405 1307 448 —44—

434 540 559 573 actum
595 547 668 573 non
703 546 876 582 pugnare
920 545 1002 571 011111
1047 545 1143 571 anno
1187 534 1307 571 natali
1345 535 1439 579 648,
1484 535 1657 581 quoniam
1699 534 1903 582 scriptores

432 601 600 639 Romani
642 611 755 647 saepe
798 610 934 636 annum
977 598 1142 636 nondum
1184 599 1396 645 perfectum
1439 603 1484 636 ut
1511 600 1662 646 plenum
1692 602 1901 637 numerent.

431 665 539 702 Idem
567 665 715 701 Linker
743 664 837 700 mihi
864 663 1056 711 persuasit
1085 663 1227 700 nullum
1258 664 1562 709 epitomatorem,
1591 669 1634 701 ut
1663 663 1746 702 edd.
1777 664 1901 707 Βο1111,

431 730 494 767 hic
521 732 705 774 statuunt,
735 739 826 765 voce
857 728 980 764 ‘solus'
1011 727 1159 764 nomine
1187 738 1262 764 non
1287 727 1435 764 adiecto
1456 738 1565 764 usum
1592 739 1683 772 esse,
1713 732 1757 765 ut
1784 729 1904 775 scrip-

432 798 554 830 torem
602 804 711 839 quem
755 792 981 839 excerpebat
1023 792 1269 838 significaret.
1333 792 1527 840 Quomodo
1574 796 1762 839 postremo
1809 794 1902 830 haec

434 858 698 905 epitomatoris
728 857 999 901 additamenta,
1030 867 1125 903 quae
1152 857 1191 893 in
1210 867 1338 894 rerum
1358 868 1455 893 anno
1477 857 1551 894 648
1574 857 1685 906 (106)
1707 862 1902 903 gestarum

434 922 690 968 descriptione
734 925 1012 969 exspectamus,
1060 923 1100 958 in
1146 922 1379 968 insequentis
1426 922 1515 958 anni
1559 933 1622 958 res
1670 923 1902 960 enarrandas

433 987 733 1035 penetraverint,
779 987 892 1023 etiam
927 986 1009 1024 edd.
1040 986 1164 1024 Bonn.
1197 986 1447 1033 „sollertioris
1488 986 1632 1033 ingenii
1674 986 1765 1024 viris
1808 987 1904 1025 divi-

433 1051 620 1088 nandum“
659 1051 888 1097 relinquunt.
927 1050 1107 1098 Apparet
1125 1052 1242 1098 igitur
1265 1052 1368 1098 ipsos
1396 1051 1482 1088 illos
1511 1051 1612 1088 viros
1640 1051 1770 1089 doctos
1799 1063 1902 1089 suam

434 1117 694 1154 coniecturam
722 1116 1010 1153 audacissimam
1038 1127 1112 1153 non
1141 1116 1307 1162 potuisse
1337 1116 1384 1152 ad
1412 1115 1523 1153 finem
1551 1115 1770 1162 perducere.

540 1181 645 1227 Ergo
675 1181 779 1218 aliud
809 1181 855 1217 de
883 1181 953 1218 hoc
981 1181 1063 1218 loco
1093 1181 1271 1218 iudicium
1302 1186 1360 1218 est
1388 1181 1614 1218 faciendum.

539 1247 684 1283 Linker
712 1257 780 1293 pro
827 1246 940 1283 ‘solus
975 1246 1252 1292 superreponit'
1298 1249 1496 1292 exspectat
1540 1244 1651 1282 ‘filius
1693 1246 1902 1283 Strabonis'

434 1312 495 1349 vel
525 1312 638 1348 ‘salus
664 1311 920 1357 reipublicae'.
977 1309 1052 1347 Sed
1081 1310 1174 1347 haec
1203 1311 1421 1347 coniectura
1450 1321 1583 1357 parum
1613 1311 1791 1356 congruit
1821 1321 1904 1347 cum

434 1377 577 1413 litteris
604 1376 776 1420 traditis,
820 1386 914 1422 quas
955 1375 1026 1412 1100
1067 1374 1156 1412 folio
1199 1379 1359 1421 uterque
1389 1375 1502 1412 Pertz
1537 1379 1714 1412 testatur.
1772 1375 1905 1422 Neque

435 1441 640 1478 verisimile
669 1444 726 1478 est
754 1441 872 1478 verba
900 1440 1001 1477 tanti
1030 1439 1210 1477 momenti
1238 1440 1277 1476 in
1313 1440 1369 1477 his
1411 1440 1543 1487 paucis
1587 1440 1732 1487 scripta
1774 1440 1904 1478 fuisse.

435 1506 602 1544 Videtur
645 1509 769 1542 autem
810 1505 958 1542 Linker
999 1508 1120 1542 totum
1163 1505 1415 1551 enuntiatum,
1463 1505 1562 1551 quod
1603 1505 1701 1541 falso
1743 1505 1825 1542 loco
1867 1505 1906 1541 in

438 1575 581 1608 textum
610 1571 821 1617 irrepserit,
849 1570 924 1617 ipsi
952 1570 1153 1607 Liciniano
1182 1570 1385 1607 vindicare.

539 1636 703 1682 Propius
734 1636 780 1672 ad
815 1646 944 1672 verum
973 1636 1132 1672 accessit
1162 1635 1338 1681 Madvig,
1369 1646 1453 1672 cum
1483 1634 1528 1671 de
1557 1635 1628 1671 1100
1654 1634 1738 1672 1000
1768 1635 1906 1671 statuit

436 1701 677 1738 Licinianum
693 1700 906 1747 scripsisse:
929 1700 1113 1737 ‘Rutilius
1129 1711 1203 1737 cos.
1222 1700 1371 1746 collega
1386 1699 1519 1736 Manili
1535 1699 1637 1736 solus
1653 1699 1887 1747 supere[rat]

435 1766 562 1812 itaque
606 1777 689 1803 cum
723 1768 842 1802 metus
879 1765 979 1809 etc.’‚
1022 1765 1139 1802 verba
1181 1769 1307 1802 autem
1351 1765 1433 1802 ‘hoc
1475 1775 1572 1801 anno
1603 1763 1672 1801 Cn.
1701 1763 1906 1811 Pompeius

437 1835 547 1868 natus
577 1835 635 1869 est
660 1830 664 1879 Ι
690 1834 804 1877 atque
825 1829 968 1868 Cicero'
994 1831 1031 1867 in
1051 1830 1218 1877 margine
1247 1830 1423 1878 apposita
1450 1832 1584 1876 postea
1612 1830 1658 1866 ab
1688 1828 1907 1875 neglegenti

435 1896 591 1933 librario
637 1896 677 1932 in
720 1896 814 1932 duas
855 1899 985 1941 partes
1027 1895 1183 1932 discissa
1223 1898 1260 1931 et
1293 1906 1376 1932 cum
1411 1894 1533 1931 altero
1563 1893 1760 1931 enuntiato
1789 1893 1907 1930 mixta

441 1971 532 1998 esse.
591 1960 701 2008 Quod
730 1960 840 1998 facile
868 1960 950 1997 fieri
979 1970 1090 2007 posse
1117 1960 1349 2006 intelligitur
1378 1971 1423 1996 ex
1451 1959 1528 1996 his:

1250 2023 1503 2062 RUTILIUS

896 2094 1044 2133 cose
1053 2095 1205 2133 OLLE
1215 2094 1502 2132 GAMANILI
1516 2073 1869 2150 lffgssfflfflssffigss

901 2158 1527 2207 SOLUSSUPERERATITAQ.
1538 2168 1790 2203 ADQ.CICERO

903 2223 1192 2263 CUMMETUS
1221 2228 1292 2262 etc.

543 2289 630 2327 Hoc
660 2294 786 2327 autem
828 2290 1005 2327 assentiri
1046 2301 1121 2326 non
1163 2300 1314 2336 possum
1344 2289 1535 2335 Madvigio
1578 2290 1696 2326 verba
1739 2288 1784 2326 ab
1824 2288 1907 2336 ipso

436 2354 637 2392 Liciniano
667 2356 705 2391 in
734 2356 904 2401 margine
934 2365 1014 2392 esse
1044 2355 1236 2401 apposita,
1281 2354 1342 2400 qui
1372 2365 1455 2391 cum
1487 2354 1568 2391 fons
1598 2354 1635 2390 in
1664 2353 1738 2391 fine
1766 2354 1907 2400 prioris

437 2420 526 2457 anni
562 2421 636 2457 648
673 2420 782 2469 (106)
827 2422 1140 2456 commemoraret
1181 2430 1265 2456 eum
1309 2430 1390 2456 esse
1432 2418 1590 2466 Pompei
1633 2422 1672 2456 et
1712 2417 1907 2456 Ciceronis

439 2496 576 2522 annum
606 2485 784 2529 natalem,
814 2485 911 2522 hanc
930 2485 1212 2522 adnotationem
1233 2485 1329 2521 falso
1348 2484 1387 2521 in
1407 2484 1557 2521 initium
1587 2484 1676 2521 anni
1697 2484 1771 2521 649
1792 2483 1906 2532 (105)

437 2551 708 2588 transtulisset.
777 2550 948 2587 Primum
995 2551 1094 2587 enim
1141 2561 1215 2587 non
1261 2560 1393 2587 verum
1441 2553 1498 2586 est
1542 2549 1727 2587 Granium
1768 2549 1905 2586 initio

437 2616 527 2652 anni
557 2616 631 2654 649
668 2626 759 2654 esse.
814 2615 963 2652 Deinde
1005 2626 1114 2652 nemo
1157 2615 1231 2652 erit
1273 2615 1338 2662 qui
1380 2615 1509 2652 credat
1536 2614 1736 2652 Liciniano
1779 2624 1907 2661 pugna

439 2681 537 2727 apud
580 2680 833 2717 Arausionem
882 2680 1081 2717 commissa
1127 2684 1164 2717 et
1206 2690 1302 2725 quae
1348 2680 1446 2716 hanc
1491 2680 1749 2726 sequebantur
1794 2678 1907 2716 rebus

439 2746 721 2783 accuratissime
750 2746 916 2782 narratis
946 2745 1106 2782 fortuito
1135 2745 1173 2781 in
1203 2748 1366 2781 mentem
1395 2745 1542 2781 venisse
1569 2755 1692 2792 pauca
1728 2755 1773 2780 ex
1802 2743 1907 2781 fonte

439 2821 506 2848 suo
535 2810 596 2847 hic
624 2810 777 2855 addere,
807 2821 904 2856 quae
934 2810 1172 2847 antecedenti
1199 2820 1296 2846 anno
1324 2810 1398 2845 iam
1428 2809 1531 2846 facta
1559 2812 1679 2847 erant.
