2066 3448
732 393 1024 433 -13-

144 532 223 559 mos
252 520 510 558 Romanorum
542 520 662 557 fuerit
690 521 869 567 proprius
898 532 944 558 an
975 521 1186 559 translatus
1216 532 1238 557 a
1269 520 1437 558 Graecis.
1451 518 1479 566 ¹)
1538 519 1620 557 Hoc

144 585 400 632 fragmentum
429 588 635 633 propterea
665 595 812 632 quoque
841 596 1019 631 magnam
1048 585 1125 622 vim
1153 585 1285 627 habet,
1331 583 1430 630 quod
1460 594 1505 620 ex
1534 583 1619 630 plu-

143 649 247 687 rimis
288 649 416 687 verbis
446 648 608 686 Graecis
650 650 712 686 hic
748 650 1035 686 occurrentibus
1064 659 1133 696 pro
1163 652 1269 686 certo
1300 658 1500 695 possumus
1529 658 1619 685 con-

144 713 298 751 cludere
318 713 560 751 Licinianum
577 712 752 751 Graecae
781 713 936 760 linguae
967 714 1082 751 fuisse
1110 713 1394 760 peritissimum.
1439 711 1620 758 Antiqui-

144 783 264 816 tatum
307 778 388 815 eius
423 777 590 815 studium
620 778 732 815 etiam
765 778 849 815 aliis
877 778 970 816 locis
1001 779 1143 816 elucet:
1190 777 1378 824 ‘quoniam
1407 777 1620 824 pomerium

143 842 228 881 finis
256 846 355 880 esset
382 842 615 880 urbanorum
643 842 899 890 auspiciorum
929 846 999 880 etc.
1032 843 1084 891 (p.
1120 842 1167 879 10
1196 842 1231 879 B
1255 842 1302 879 18
1331 841 1441 889 sqq),
1473 841 1622 888 placuit

144 912 181 945 et
211 906 332 954 quod
360 918 586 953 nunquam
616 907 736 944 alias
767 928 813 933 —
844 907 935 952 quid
963 907 1002 943 in
1030 907 1138 944 libris
1168 907 1352 944 fatalibus
1374 910 1474 944 esset
1494 906 1620 953 palam

145 972 311 1009 recitare
341 972 395 1019 (p.
426 972 476 1008 22
505 971 543 1009 A
565 971 587 1007 2
618 982 697 1017 sqq.
730 970 774 1008 cf.
807 982 888 1018 cap.
919 970 1016 1020 111),
1046 971 1274 1009 Nicomedes
1304 971 1528 1018 Euergetes,
1559 970 1622 1016 qui

146 1041 205 1074 est
238 1037 293 1074 ita
323 1036 463 1079 dictus,
509 1035 605 1082 quod
636 1036 771 1072 beatos
800 1038 957 1081 egentes
986 1035 1156 1072 faciebat
1184 1036 1398 1081 multosque
1429 1035 1622 1073 beneficiis

144 1102 222 1139 suis
255 1101 460 1139 alliciebat'
504 1100 559 1149 (p.
590 1100 638 1137 36
660 1099 876 1148 A4sqq.);
919 1111 964 1137 ea
1006 1111 1172 1147 quoque,
1217 1111 1314 1147 quae
1359 1101 1405 1138 de
1442 1100 1623 1137 Antiochi

145 1166 356 1214 Epiphanis
399 1163 728 1202 aedificationibus
772 1164 995 1209 traduntur,
1040 1165 1171 1203 eodem
1206 1165 1408 1202 referenda
1437 1170 1526 1202 sunt
1556 1165 1621 1214 (cf.

145 1242 226 1279 cap.
255 1231 288 1276 Ι,
313 1230 366 1280 1).
421 1230 508 1268 Hoc
541 1230 639 1267 idem
667 1241 737 1267 nos
773 1230 941 1278 impulit,
986 1234 1028 1268 ut
1055 1231 1277 1268 historicum
1307 1231 1489 1269 Granium
1520 1231 1623 1268 Lici-

146 1297 299 1334 nianum
341 1295 501 1333 eundem
543 1294 766 1333 duceremus
810 1299 924 1342 atque
953 1297 1179 1342 scriptorem
1208 1307 1337 1333 rerum
1366 1297 1619 1343 antiquarum.

251 1361 336 1399 Iam
365 1360 413 1398 ad
441 1371 522 1397 rem
550 1360 670 1407 ipsam
699 1365 956 1397 transeamus:
988 1359 1115 1398 Primo
1145 1361 1272 1407 capite
1299 1372 1363 1398 eas
1384 1362 1624 1408 quaestiones

147 1426 389 1473 complectar,
420 1436 517 1472 quae
546 1425 595 1462 ad
623 1436 685 1462 res
704 1425 902 1463 Asiaticas
931 1426 1135 1473 pertinent.
1180 1426 1261 1471 Qua
1290 1426 1327 1463 in
1356 1437 1397 1463 re
1425 1437 1519 1473 opus
1540 1436 1623 1463 esse

150 1490 323 1528 existimo
366 1490 484 1528 verba
529 1490 608 1527 eius
643 1490 851 1536 fragmenti
888 1491 996 1528 valde
1025 1491 1208 1536 mutilati,
1253 1490 1353 1536 quod
1382 1495 1438 1529 est
1467 1491 1512 1528 de
1542 1490 1624 1528 An-

147 1555 272 1593 tiocho
300 1555 359 1593 IV
384 1555 585 1602 Epiphane
613 1554 695 1604 (fol.
727 1555 767 1592 X
788 1555 841 1604 r),
885 1560 1068 1602 quantum
1115 1556 1201 1593 fieri
1229 1556 1357 1603 potuit
1385 1559 1558 1594 correcta
1588 1560 1626 1593 et

151 1621 327 1668 suppleta
357 1630 611 1667 praeponere,
655 1630 735 1657 cum
767 1619 991 1658 Bonnenses
1020 1622 1100 1658 eius
1129 1621 1265 1658 menda
1294 1631 1428 1668 parum
1458 1621 1626 1659 sustule-
1655 1620 1658 1622 ’

149 1684 280 1734 rint.2)
336 1684 474 1722 Altero
519 1685 645 1732 capite
686 1684 919 1731 fragmenta,
966 1696 1061 1732 quae
1096 1689 1185 1723 sunt
1214 1686 1259 1723 de
1288 1686 1388 1723 bello
1418 1685 1624 1729 Cimbrico,

149 1750 264 1787 tertio
308 1760 403 1796 quae
446 1752 535 1786 sunt
577 1749 623 1786 de
664 1750 764 1786 bello
801 1750 905 1787 civili
934 1749 1127 1793 Mariano,
1171 1754 1307 1797 quarto
1339 1762 1432 1797 quae
1462 1754 1550 1788 sunt
1580 1751 1625 1788 de

151 1814 250 1852 bello
269 1813 543 1851 Mithradatico
572 1814 611 1850 in
641 1825 798 1852 examen
828 1815 1074 1853 vocabuntur.
1120 1815 1186 1853 Ad
1215 1818 1424 1853 extremum
1445 1816 1627 1853 nonnulla

149 1879 365 1927 fragmenta
395 1879 542 1916 minora
570 1880 609 1916 in
637 1879 799 1916 medium
828 1880 1034 1926 proferam.

247 2002 274 2045 1)
301 2001 362 2037 Sic
400 2001 533 2036 conicit
571 2001 799 2047 Heerwagen
838 2002 905 2045 „de
938 2001 1052 2038 Grani
1078 2002 1153 2038 Lic.
1194 2001 1400 2047 fragmento
1439 2014 1523 2039 ann.
1563 2003 1625 2038 lib.

154 2048 290 2085 XXVI“
319 2048 552 2094 (Thierschio
579 2049 714 2094 gratul.
741 2060 862 2095 gymn.
890 2049 1123 2094 Norimberg.
1145 2051 1262 2094 1858),
1287 2051 1350 2096 qui
1376 2061 1518 2086 summa
1544 2061 1627 2086 cum

155 2097 322 2132 doctrina
346 2096 415 2131 hoc
440 2095 687 2142 fragmentum
713 2096 923 2132 emendavit
948 2099 1059 2143 atque
1085 2097 1281 2142 supplevit.
1325 2097 1429 2133 Alias
1457 2097 1627 2133 emenda-

151 2145 271 2179 tiones
295 2146 568 2189 proposuerunt
592 2143 634 2179 B.
660 2146 723 2179 ten
749 2144 863 2179 Brink
881 2144 1070 2188 (Phil.XII
1085 2155 1120 2190 p.
1140 2146 1208 2181 590
1227 2147 1262 2180 et
1280 2145 1373 2180 Phil.
1387 2145 1470 2180 XXI
1488 2157 1522 2190 p.
1546 2147 1625 2189 165)

154 2194 192 2228 et
215 2191 305 2226 Rob.
324 2190 452 2235 Unger
475 2191 513 2225 in
541 2191 647 2236 epist.
674 2202 756 2227 cum
776 2191 857 2227 edd.
877 2193 991 2227 Bonn.
1011 2192 1277 2227 communicata
1302 2194 1351 2238 (p.
1369 2192 1502 2235 XV11);
1531 2203 1626 2238 quae

154 2238 429 2274 emendationes
457 2249 583 2274 omnes
609 2239 679 2274 hoc
704 2239 790 2274 folio
817 2239 951 2275 misere
976 2239 1176 2284 depravato
1204 2240 1424 2275 dubitationi
1451 2242 1539 2275 sunt
1564 2241 1626 2275 ob-

153 2286 285 2321 noxiae
317 2296 455 2331 easque
488 2288 659 2321 accurate
686 2286 897 2322 examinare
923 2289 960 2322 et
984 2286 1136 2332 longum
1161 2289 1218 2323 est
1241 2298 1363 2333 neque
1389 2287 1435 2323 ad
1461 2289 1626 2323 nostram

157 2333 414 2379 quaestionem
445 2334 707 2369 necessarium.
759 2333 851 2369 Cum
877 2338 1000 2370 autem
1026 2334 1119 2369 libro
1144 2334 1259 2370 XXVI
1284 2346 1343 2370 res
1370 2335 1476 2370 annis
1503 2346 1532 2370 c.
1560 2336 1625 2370 571

162 2382 250 2416 ——Sl
285 2382 407 2425 gestas
440 2383 694 2426 exspectemus
721 2382 883 2427 narrari,
921 2381 1132 2417 Hirschfeld
1159 2383 1306 2427 egregie
1332 2383 1489 2418 coniecit
1514 2383 1628 2428 scrip-

154 2430 270 2463 torem
306 2427 347 2461 in
383 2427 452 2463 hoc
489 2428 584 2464 libro
622 2430 838 2474 exposuisse
869 2432 914 2464 de
941 2428 1091 2464 Catonis
1125 2429 1306 2474 oratione,
1349 2441 1421 2476 qua
1447 2430 1564 2465 suasit
1589 2431 1629 2464 in

156 2476 288 2510 senatu
311 2476 372 2514 fut
396 2475 504 2520 plura
530 2486 617 2511 aera
643 2477 830 2521 equestria
854 2476 994 2512 fierent’
1024 2497 1062 2502 «-
1091 2487 1212 2522 neque
1239 2477 1336 2512 enim
1363 2479 1419 2513 est
1443 2476 1628 2512 veridissi-

155 2521 242 2557 mile
267 2522 361 2557 hanc
391 2523 594 2558 orationem
620 2534 642 2558 a
667 2524 824 2568 Catone,
863 2534 945 2559 cum
972 2534 1102 2559 censor
1128 2526 1227 2559 esset
1251 2527 1297 2567 (a.
1325 2526 1427 2569 571),
1465 2525 1628 2560 habitam

156 2579 288 2605 esse-
299 2579 416 2614 eaque
428 2580 469 2604 re
482 2581 564 2605 esse
577 2570 786 2615 adductum,
800 2573 841 2606 ut
855 2571 951 2606 hunc
965 2571 1009 2606 de
1019 2571 1217 2617 Tarquinio
1231 2582 1426 2606 excursum
1437 2572 1630 2608 insereret.

252 2617 279 2659 ²)
304 2616 395 2651 Mihi
421 2618 478 2651 est
501 2617 539 2652 in
566 2618 687 2653 animo
713 2618 866 2663 posthac
891 2629 1023 2653 novam
1051 2618 1250 2654 editionem
1268 2630 1411 2664 parare,
1437 2630 1531 2664 quae
1548 2630 1630 2654 ver⁶

159 2663 301 2699 sabitur
324 2663 364 2698 in
390 2663 618 2700 emendando
643 2666 838 2700 verborum
864 2667 1047 2709 contextu,
1074 2677 1297 2712 quamquam
1322 2666 1483 2702 codicem
1510 2667 1629 2702 denuo

157 2710 323 2746 conferre
359 2722 434 2746 non
469 2711 572 2755 licet3
610 2723 696 2747 nam
728 2713 783 2747 vir
809 2713 1040 2748 doctissimus
1067 2724 1210 2748 mecum
1236 2714 1518 2749 communicavit
1544 2714 1628 2750 sub-

158 2758 262 2793 sidiis
289 2758 475 2800 chemicis,
503 2769 596 2804 quae
623 2758 661 2795 C.
689 2759 795 2795 Pertz
821 2760 1000 2805 adhibuit,
1028 2761 1189 2796 codicem
1216 2760 1307 2797 adeo
1333 2771 1414 2796 esse
1441 2760 1629 2808 afflictum,

157 2808 199 2841 ut
223 2805 332 2841 hodie
358 2805 505 2841 omnino
531 2806 624 2841 nihil
648 2807 724 2842 fere
750 2808 868 2852 possit
894 2807 977 2852 legi.
