2066 3448
289 542 329 576 et
356 538 517 575 fabellas
539 548 584 574 ex
604 536 774 574 fontibus
794 535 965 583 sumpsit,
996 535 1132 581 quibus
1153 535 1318 573 libenter
1338 547 1546 582 egeremus.
1586 537 1758 584 Denique

287 614 351 641 ars
380 601 626 649 componendi
655 601 749 638 satis
784 601 894 638 exilis
936 603 1010 637 est:
1056 600 1203 647 singula
1245 600 1352 638 facta
1393 601 1618 648 simpliciter
1646 606 1759 649 atque

288 669 368 706 sine
398 672 480 705 arte
495 667 698 705 traduntur
728 678 843 713 saepe
858 677 932 703 non
949 666 1149 703 coniuncta
1163 666 1266 703 inter
1294 677 1334 704 se
1361 667 1436 704 nisi
1464 668 1653 713 particula
1682 668 1758 706 ‘et'.

289 733 434 770 Tamen
462 744 536 770 non
564 735 639 776 est,
684 743 751 769 cur
794 732 839 769 de
882 731 1046 778 epitome
1089 732 1311 778 cogitemus.
1367 730 1489 769 Immo
1524 733 1643 770 multa
1671 733 1760 770 huic

286 798 497 836 sententiae
526 800 753 844 repugnant.

323 887 326 889 -
391 862 452 899 Ex
486 863 533 900 iis
569 873 663 908 quae
707 861 983 909 disputavimus
1024 860 1260 908 intellegitur
1302 861 1341 898 in
1370 860 1514 899 Granio
1556 862 1758 900 Liciniano

286 928 479 975 ingenium
507 927 626 964 fuisse
653 938 728 964 non
756 927 812 964 ita
840 937 1017 974 magnum
1045 937 1166 972 neque
1195 926 1371 963 idoneum
1407 926 1455 963 ad
1483 926 1523 963 id
1552 938 1645 974 opus
1674 938 1760 964 con-

287 993 507 1038 ficiendum,
556 991 654 1038 quod
697 992 770 1029 sibi
810 995 1074 1039 proposuerat.
1145 991 1289 1028 Tamen
1334 992 1523 1037 congessit
1565 1002 1640 1029 non
1681 993 1761 1030 sine

289 1058 478 1102 doctrina,
523 1069 619 1104 quae
648 1058 750 1105 apud
778 1058 925 1105 priores
962 1057 1107 1104 scripta
1143 1057 1288 1094 invenit
1328 1061 1441 1103 atque
1478 1057 1595 1094 bonos
1637 1057 1761 1095 fontes

289 1122 412 1169 elegit.
488 1123 568 1169 Quo
614 1123 675 1167 fit,
725 1125 767 1160 ut
813 1134 910 1169 quae
952 1123 1073 1160 tradit
1110 1122 1350 1167 Licinianus,
1399 1122 1430 1159 si
1477 1122 1654 1169 prodigia
1696 1123 1763 1160 illa

288 1191 328 1224 et
371 1187 531 1225 fabellas
574 1188 800 1231 omittimus,
848 1187 927 1225 fere
973 1188 1099 1224 omnia
1148 1198 1237 1225 vera
1283 1198 1364 1224 esse
1411 1187 1625 1224 videantur.
1700 1187 1763 1226 Ibi

288 1263 451 1300 quoque,
501 1253 565 1290 ubi
608 1251 732 1289 fontes
774 1252 853 1289 eius
895 1256 1005 1289 erant
1052 1252 1194 1298 ignoti,
1238 1252 1409 1289 narratio
1440 1254 1565 1289 autem
1613 1252 1660 1288 ab
1704 1263 1763 1289 ce-

287 1322 457 1355 terorum
499 1318 730 1365 scriptorum
765 1317 1023 1364 discrepabat,
1066 1317 1289 1364 plerumque
1331 1317 1366 1353 ei
1394 1317 1480 1363 plus
1520 1315 1609 1354 fidei
1650 1320 1762 1364 puta-

289 1383 420 1420 bamus
467 1393 548 1420 esse
594 1383 836 1420 tribuendum
884 1393 994 1428 quam
1041 1382 1111 1419 his.
1181 1380 1347 1419 Accedit
1394 1382 1493 1428 quod
1540 1382 1764 1428 fragmentis

287 1447 480 1485 Liciniani
525 1448 703 1485 debemus
749 1448 872 1484 multa
916 1459 1015 1485 nova
1062 1447 1254 1495 (inprimis
1293 1447 1339 1484 de
1384 1448 1497 1484 rebus
1535 1447 1763 1494 Bithynicis,

289 1512 335 1550 de
362 1513 463 1549 bello
493 1513 680 1550 Cimbrico
711 1517 750 1550 et
778 1512 1026 1561 Octaviano),
1071 1523 1167 1559 quae
1208 1513 1348 1550 iniuria
1389 1513 1427 1549 in
1464 1512 1617 1549 dubium
1652 1523 1764 1550 voca-

289 1589 427 1615 remus.
466 1578 581 1616 Falso
610 1578 730 1625 igitur
758 1578 914 1624 Madvig
934 1578 985 1626 (p.
1009 1577 1105 1627 407>
1127 1581 1164 1615 et
1190 1577 1231 1615 C.
1255 1576 1302 1615 G.
1324 1576 1496 1615 Schmidt
1525 1577 1639 1627 (Phil.
1661 1577 1766 1614 XIII

289 1654 324 1690 p.
354 1642 448 1691 223)
476 1642 709 1681 Mommseno
740 1644 946 1691 opprobrio
976 1643 1170 1687 fecerunt,
1206 1643 1307 1689 quod
1334 1643 1375 1679 in
1402 1643 1563 1680 historia
1590 1643 1765 1680 Romana

290 1708 562 1745 conscribenda
589 1708 648 1746 his
667 1708 890 1755 fragmentis
909 1709 1009 1746 iusto
1033 1709 1117 1755 plus
1137 1708 1287 1746 tribuit.
1326 1708 1562 1755 Quamquam
1591 1718 1763 1745 nonnun-

291 1783 401 1819 quam
429 1774 542 1810 aliter
568 1774 616 1811 iis
644 1774 828 1811 utendum
856 1778 1033 1821 putamus
1069 1778 1181 1820 atque
1209 1773 1437 1819 Mommsen,
1481 1777 1610 1810 tamen
1652 1773 1691 1810 in
1721 1784 1766 1810 ea

290 1849 331 1875 re
350 1839 439 1876 huic
457 1839 541 1876 viro
564 1839 676 1877 docto
696 1840 937 1882 assentimur,
959 1839 1060 1886 quod
1078 1839 1294 1887 fragmenta
1312 1838 1514 1876 Graniana
1534 1839 1767 1876 arbitramur

291 1903 445 1941 minime
475 1915 556 1942 esse
585 1906 696 1953 parvi
725 1905 974 1942 aestimanda.
