2066 3448
782 430 1074 472 -73-

194 563 346 593 menum*
386 555 552 604 proelio)
581 556 794 603 quindecim
805 556 834 606 ¹)
876 557 982 595 milia
1016 568 1061 595 ex
1089 557 1150 595 his
1176 558 1381 596 interfecta
1408 560 1508 601 sunt,
1537 556 1665 604 ibique

194 619 399 667 Diogenes,
446 620 631 659 Archelai
673 620 791 666 filius,
838 622 1052 660 trucidatus
1095 627 1170 667 est;
1217 624 1329 661 tertio
1370 623 1471 661 bello
1512 632 1665 660 omnes

194 684 366 733 copiae,
396 695 488 731 quas
515 685 730 724 Archelaus
758 686 936 732 habebat,
966 687 1215 725 extinctae
1243 692 1340 725 sunt.
1397 688 1497 726 Nam
1527 686 1664 734 viginti

192 749 300 787 milia
326 749 488 787 militum
517 750 598 788 cius
624 751 664 789 in
693 751 870 799 paludem
898 752 1009 800 pulsa
1027 752 1304 790 —interfecta
1322 756 1412 790 sunt
1430 752 1665 799 totidemque

194 814 273 852 alia
298 814 339 852 in
366 813 503 853 flumen
534 820 667 854 coacta
686 827 732 854 ac
753 820 901 861 necata,
923 817 1063 864 reliqui
1083 817 1306 855 miserorum
1328 818 1468 865 passim
1483 817 1664 855 trucidati

194 877 301 917 sunt?
348 879 457 917 Dicit
483 880 601 928 igitur
629 882 817 929 expressis
845 881 973 919 verbis
1002 893 1129 920 omnes
1150 882 1394 920 Mithradatis
1424 882 1552 930 copias
1582 893 1665 920 esse

194 944 393 989 extinctas,
437 955 521 982 cum
563 946 663 993 apud
691 945 931 983 Licinianum
961 946 1007 994 (B
1039 947 1062 983 3
1091 950 1185 995 sqq.)
1232 947 1417 994 scriptum
1452 947 1662 985 videamus:

195 1009 372 1057 ‘amplius
403 1009 518 1047 XXV
546 1010 653 1047 milia
683 1010 848 1058 capiunt,
878 1021 973 1057 quae
1002 1016 1136 1058 postea
1165 1013 1234 1049 sub
1265 1023 1406 1050 corona
1434 1011 1663 1050 venierunt.’

192 1073 303 1112 Haec
342 1074 445 1112 inter
486 1085 526 1112 se
567 1075 762 1112 conciliari
809 1086 918 1122 posse
961 1087 1069 1114 nemo
1115 1078 1187 1114 erit
1238 1077 1303 1124 qui
1346 1077 1472 1115 dicere
1509 1077 1662 1116 audeat.

193 1138 374 1187 Apparet
417 1139 535 1187 igitur
569 1139 761 1177 Liciniani
798 1141 1056 1178 narrationem
1084 1152 1158 1178 non
1187 1141 1341 1179 fluxisse
1371 1153 1416 1179 ex
1444 1142 1555 1180 Livio
1585 1146 1663 1190 aut,

193 1203 231 1242 id
261 1204 360 1251 quod
386 1204 502 1242 Pertz
531 1204 672 1253 (praef.
701 1216 738 1252 p.
759 1204 855 1253 XX)
886 1206 1090 1249 contendit,
1122 1218 1168 1244 ex
1197 1207 1277 1244 eius
1306 1211 1461 1245 auctore
1490 1206 1609 1245 Sulla.

299 1269 385 1307 Hoc
435 1270 550 1307 etiam
599 1280 643 1307 eo
697 1270 959 1316 confirmatur,
1013 1271 1113 1317 quod
1164 1271 1370 1309 secundum
1422 1272 1665 1310 Licinianum

193 1334 245 1384 (B
278 1335 322 1372 11
354 1334 453 1383 sqq.)
496 1333 602 1372 Sulla
644 1334 878 1373 Archelaum
923 1336 1098 1373 convenit
1125 1335 1282 1384 Aulide,
1326 1337 1530 1374 secundum
1559 1337 1663 1375 Pl‘ut.

193 1410 224 1438 c.
251 1400 300 1437 22
335 1399 441 1437 Delii
477 1398 551 1449 (ἐπὶ
585 1398 745 1450 θαλάττῃ
780 1400 860 1450 περὶ
902 1400 1033 1450 Δήλιον
1070 1400 1110 1438 οὗ
1145 1401 1185 1438 τὸ
1221 1401 1314 1452 ἱερὸν
1342 1403 1404 1439 τοῦ
1435 1401 1666 1443 Ἀπόλλωνός

194 1463 317 1513 ἐστιν).
372 1464 584 1502 Plutarcho
629 1469 756 1503 autem
799 1466 885 1514 plus
913 1466 1001 1504 fidei
1028 1467 1209 1505 habemus
1238 1470 1396 1515 propter
1423 1467 1665 1505 accuratissi-

193 1540 293 1567 mam
319 1530 393 1568 loci
423 1530 772 1579 descriptionem.2)

299 1594 438 1633 Nescio
467 1607 515 1633 an
545 1596 718 1642 cuiquam
747 1599 926 1643 quartum
956 1600 1222 1643 argumentum
1251 1597 1289 1634 in
1319 1608 1362 1635 eo
1391 1597 1555 1644 positum
1584 1607 1666 1635 esse

195 1660 380 1706 videatur,
410 1660 508 1707 quod
536 1661 739 1708 Diogenes,
769 1662 834 1708 qui
862 1662 900 1698 in
930 1662 1060 1709 priore
1088 1662 1235 1709 proelio
1265 1662 1364 1709 apud
1385 1661 1666 1700 Orchomenum

194 1724 298 1763 facto
333 1730 496 1763 mortem
525 1726 618 1771 obit,
656 1727 758 1774 apud
786 1727 1028 1764 Licinianum
1058 1727 1273 1775 appellatur
1301 1728 1485 1765 Archelai
1513 1727 1663 1774 filiuS,

196 1790 296 1837 apud
319 1789 422 1828 Plut.
445 1802 476 1828 c.
499 1791 546 1828 21
569 1791 832 1839 privignus.
888 1791 965 1829 Sed
993 1803 1076 1829 cum
1097 1792 1297 1829 Liciniano
1327 1792 1530 1830 concinunt
1552 1793 1666 1830 etiam

195 1856 416 1903 Eutropius,
446 1855 620 1903 Orosius,
664 1856 881 1904 Appianus.
927 1868 1018 1903 quos
1047 1861 1197 1894 constat
1224 1857 1444 1895 memoriam
1473 1857 1584 1894 huius
1610 1857 1667 1895 rei

194 1932 219 1959 a
245 1919 355 1958 Sulla
397 1922 638 1968 repetivisse.
693 1922 802 1959 Haec
838 1922 1098 1969 discrepantia
1135 1922 1254 1968 igitur
1281 1933 1355 1960 non
1385 1923 1523 1960 diversi
1551 1921 1666 1960 fontis

194 1987 454 2024 testimonium
484 1990 553 2033 est,
584 1987 650 2024 sed
679 1988 945 2034 neglegentiae
974 1988 1125 2024 illorum
1147 1988 1387 2034 scriptorum,
1416 1988 1480 2034 qui
1499 1998 1570 2034 pro
1590 1987 1666 2035 pri·

195 2051 310 2098 vigno
338 2052 583 2090 tradiderunt
609 2052 739 2090 filium.

292 2138 319 2184 ¹)
357 2137 598 2181 ‘Quindecim’
630 2139 704 2174 iam
737 2150 759 2174 a
783 2139 979 2175 Francisco
1006 2139 1174 2175 Fabricio
1201 2139 1302 2183 (edit.
1334 2140 1438 2183 1561)
1464 2138 1667 2175 secundum

195 2197 346 2243 Eutrop.
373 2199 426 2240 (et
455 2198 552 2244 App.
585 2198 708 2234 Mithr.
735 2200 794 2243 49)
821 2199 900 2234 sine
927 2198 1037 2234 dubio
1054 2200 1154 2233 recte
1173 2198 1352 2244 scriptum
1369 2200 1426 2234 est
1443 2209 1510 2243 pro
1528 2197 1664 2234 tradito

196 2257 499 2304 ‘quinquaginta'.
551 2258 635 2303 Ipse
662 2256 815 2294 Orosius
841 2257 956 2293 tradit
981 2257 1186 2302 Dorylaum
1210 2257 1304 2293 LXX
1330 2257 1389 2293 vel
1416 2257 1541 2293 LXXX
1566 2257 1668 2293 milia

195 2316 385 2352 hominum
408 2316 447 2351 in
472 2316 664 2353 Graeciam
690 2317 839 2352 duxisse
866 2319 903 2352 et
926 2316 1151 2352 Archelaum
1168 2318 1362 2362 praeterea
1378 2316 1409 2351 X
1434 2316 1537 2352 milia
1554 2317 1668 2352 homi-

195 2384 285 2411 num
322 2375 514 2421 collegisse
546 2376 647 2421 (item
682 2376 779 2422 App.
819 2376 841 2411 1.
869 2378 926 2420 c.).
974 2376 1030 2411 Ex
1066 2376 1112 2411 iis
1151 2375 1269 2411 altero
1305 2375 1446 2422 proelio
1471 2377 1668 2411 necantur:

197 2437 242 2471 20
255 2436 324 2471 000
339 2441 381 2472 ÷
397 2436 442 2471 20
455 2436 524 2472 000
538 2441 583 2475 -i-
606 2447 629 2470 x
655 2435 804 2481 (reliqui
828 2435 1030 2479 trucidati),
1068 2434 1206 2478 Quodsi
1222 2434 1346 2480 priore
1362 2434 1503 2480 proelio
1521 2434 1549 2469 L
1566 2433 1670 2469 milia

195 2492 355 2529 militum
385 2493 532 2539 perdita
559 2496 694 2539 essent,
725 2493 787 2530 XC
813 2494 915 2529 milia
940 2493 1158 2529 cecidissent
1184 2493 1264 2529 sine
1281 2493 1368 2539 illis,
1395 2504 1486 2540 quos
1504 2494 1669 2529 litterax

197 2553 542 2598 significaveramus.
595 2553 700 2597 Quod
724 2552 959 2588 manifestum
984 2554 1041 2587 est
1064 2551 1144 2587 fieri
1168 2563 1241 2588 non
1266 2562 1387 2597 posse.

293 2611 322 2658 ²)
347 2612 444 2648 Sane
470 2612 626 2658 cogitari
650 2614 776 2657 potest
799 2611 838 2646 in
862 2611 1039 2657 primario
1065 2611 1188 2657 aliquo
1209 2610 1310 2646 fonte
1329 2620 1537 2646 sermonem
1553 2609 1669 2646 fuisse

199 2671 246 2707 de
269 2671 409 2718 templo
434 2669 624 2717 Apollinis
652 2671 750 2707 inter
767 2670 915 2706 Delium
941 2672 977 2706 et
993 2670 1167 2706 Aulidem
1192 2670 1275 2713 sito,
1301 2680 1395 2716 quae
1420 2668 1556 2715 oppida
1572 2667 1671 2706 haud

198 2730 326 2777 procul
365 2731 464 2767 inter
495 2742 535 2766 se
564 2730 709 2766 absunt.
762 2729 840 2764 Hoc
869 2740 1014 2775 quoque
1038 2729 1147 2765 modo
1173 2728 1424 2775 discrepantia
1449 2728 1540 2764 satis
1565 2728 1671 2773 mira,

199 2800 297 2836 quae
325 2791 383 2826 est
406 2790 503 2825 inter
528 2788 709 2825 Liciniani
735 2795 773 2824 et
797 2787 984 2823 Plutarchi
1010 2787 1271 2831 narrationem,
1309 2787 1412 2823 nullo
1437 2787 1585 2832 negotio
1611 2798 1671 2823 ex-

196 2848 329 2894 plicari
353 2850 490 2895 potest.
