2066 3448
805 410 1074 450 -3—

208 533 248 561 se
288 521 494 561 identidem
538 527 652 570 atque
687 526 889 571 perspicue
918 523 1061 562 vidisse
1089 525 1313 574 testetur‚¹)
1354 536 1431 563 non
1459 528 1564 563 recte
1593 525 1684 564 fecit

205 587 256 626 D.
287 586 527 634 Comparetti
555 589 595 625 in
624 588 722 626 Mus.
751 588 874 626 Rhen.
896 587 999 625 XIII
1018 588 1161 638 (1858)
1190 601 1225 636 p.
1247 590 1323 627 457
1345 601 1424 637 sqq.
1457 594 1495 627 et
1522 588 1680 628 Archiv,

207 655 298 690 ster.
328 651 419 690 Ital.
450 654 486 690 X
515 653 658 702 (1859)
700 664 737 701 p.
769 653 818 690 87
848 663 948 699 sqq.‚
994 652 1092 700 quod
1124 654 1339 693 firmissimo
1367 655 1434 693 1110
1464 655 1683 693 testimonio

205 717 380 764 neglecto
421 718 543 756 solum
584 728 722 755 nomen
752 718 940 756 Liciniani
984 728 1054 766 pro
1097 723 1202 757 certo
1237 720 1382 758 habuit.
1440 718 1555 757 Adde
1582 720 1684 766 quod

206 793 291 820 cum
318 783 456 829 paucis
482 786 632 820 tantum
661 782 763 820 foliis
784 783 919 820 titulus
938 783 1016 829 legi
1035 784 1169 830 possit,
1199 785 1294 822 satis
1314 789 1458 822 temere
1480 784 1682 822 concludas

203 846 403 884 librarium
445 847 486 884 in
527 847 680 885 nomine
722 847 964 885 inscribendo
999 858 1149 896 semper
1184 850 1341 888 eandem
1383 849 1572 886 rationem
1600 860 1682 887 6886

205 915 387 950 secutum.
430 910 535 959 Ergo
561 923 698 950 nomen
727 912 926 959 scriptoris
954 910 1071 950 fuisse
1101 912 1288 952 Granium
1318 914 1562 952 Licinianum
1590 914 1682 951 mihi

205 987 429 1024 persuasum
461 981 531 1016 est.
573 978 631 1014 At
659 987 890 1024 praenomen
910 976 985 1014 Gai
1014 977 1202 1016 incertum
1224 990 1309 1017 esse
1330 990 1375 1017 ex
1393 978 1539 1016 Pertzii
1558 978 1683 1017 verbis

206 1051 322 1088 supra
351 1042 478 1079 allatis
508 1042 643 1079 elucet.
657 1041 686 1089 2)
1030 1047 1032 1049 “

308 1106 393 1143 Iam
435 1107 709 1153 perlustremus
752 1106 912 1143 aliorum
954 1106 1190 1144 testimonia:
1243 1105 1413 1145 Granius
1455 1109 1678 1148 Licinianus

204 1163 356 1217 quidam
385 1175 700 1209 commemoratur
737 1183 760 1208 a
788 1170 986 1208 Macrobio
1015 1170 1097 1210 Sat.
1127 1172 1157 1216 I,
1184 1172 1244 1216 16,
1266 1172 1316 1210 30
1352 1174 1463 1221 ‘apud
1494 1173 1681 1212 Granium

202 1235 250 1274 L.
280 1235 378 1274 libro
407 1236 582 1274 secundo'
613 1240 653 1274 et
681 1247 705 1273 a
734 1235 869 1274 Servio
899 1236 948 1273 ad
976 1236 1095 1283 Verg.
1124 1237 1224 1275 Aen.
1254 1237 1288 1282 I,
1310 1238 1385 1275 737
1417 1238 1551 1277 ‘Grani
1578 1240 1682 1278 Lici-

203 1301 311 1338 niani
330 1312 446 1338 cenae
469 1299 603 1338 suae*'.
651 1299 727 1338 Sed
756 1311 812 1345 ea,
843 1312 939 1347 quae
969 1306 1008 1338 et
1026 1302 1246 1339 Macrobius
1274 1305 1312 1338 et
1327 1302 1484 1341 Servius
1505 1305 1680 1348 afferunt,

204 1369 383 1412 spectant
410 1366 459 1403 ad
488 1366 737 1412 antiquitates
766 1365 832 1413 (cf.
864 1365 910 1403 fr.
942 1366 958 1403 I
987 1369 1028 1403 et
1055 1365 1099 1403 II
1125 1366 1227 1414 apud
1253 1366 1375 1405 Bonn.
1405 1379 1442 1415 p.
1463 1368 1531 1418 46)
1559 1380 1681 1416 neque

203 1440 249 1466 ex
278 1441 392 1477 opere
419 1431 604 1468 historico
624 1433 778 1477 sumpta
797 1441 880 1467 esse
898 1430 1089 1467 videntur.
1134 1430 1312 1477 Accedit,
1342 1433 1443 1479 quod
1460 1433 1680 1473 Macrobius

203 1493 389 1532 Granium
408 1495 650 1533 Licinianum
678 1498 845 1532 testatur
872 1495 913 1532 in
940 1495 1040 1532 libro
1070 1496 1235 1534 secundo
1264 1507 1442 1535 narrasse
1471 1499 1558 1546 lege
1576 1499 1681 1536 Hor-

201 1560 326 1597 tensia
353 1561 444 1598 anni
472 1561 549 1598 467
580 1560 692 1609 (287)
721 1560 908 1597 nundinas
936 1560 1060 1598 fastas
1080 1572 1162 1598 esse
1182 1561 1321 1604 factas:
1353 1563 1535 1600 historias
1555 1567 1680 1601 autem

200 1624 394 1663 Liciniani
420 1626 628 1664 verisimile
657 1629 717 1663 est
743 1625 894 1662 initium
925 1626 1069 1672 cepisse
1098 1638 1120 1663 a
1142 1626 1264 1664 Roma
1284 1627 1437 1666 condita
1457 1628 1521 1676 (cf.
1543 1628 1678 1677 infra).

200 1690 312 1728 Unde
338 1690 578 1728 manifestum
607 1694 665 1727 est
689 1690 728 1727 111
748 1690 872 1727 altero
892 1701 1024 1727 earum
1043 1690 1141 1728 libro
1161 1701 1238 1728 non
1257 1692 1427 1738 potuisse
1447 1693 1675 1730 mentionem

199 1754 283 1792 fieri
309 1756 415 1793 illius
441 1755 539 1802 legis
566 1755 811 1793 Hortensiae.
855 1755 929 1792 His
958 1755 1004 1792 de
1035 1756 1158 1793 causis
1178 1757 1416 1794 Macrobium
1445 1762 1485 1795 et
1504 1756 1678 1796 Servium

200 1831 275 1858 non
304 1832 351 1858 ex
379 1832 423 1859 eo
442 1821 634 1858 Liciniani
649 1821 761 1864 libro,
792 1820 897 1857 cuius
926 1820 1144 1867 fragmenta
1171 1821 1283 1858 nobis
1312 1822 1352 1859 in
1382 1822 1556 1859 manibus
1575 1827 1678 1867 sunt,

198 1885 372 1923 hausisse
416 1885 651 1924 confitemur.
713 1887 895 1922 Attamen
931 1886 963 1923 si
993 1885 1209 1923 consideres
1238 1886 1372 1923 horum
1404 1898 1552 1933 quoque
1579 1886 1679 1934 frag-

199 1954 415 1988 mentorum
457 1951 685 1998 scriptorem
727 1951 893 1988 libenter
934 1950 1073 1988 afferre
1108 1961 1170 1988 res
1201 1951 1248 1987 ad
1278 1951 1527 1997 antiquitates
1556 1953 1679 1999 perti-

200 2019 347 2059 nentes,
375 2015 416 2053 id
444 2016 543 2062 quod
562 2015 662 2053 infra
681 2015 853 2063 pluribus
873 2026 1116 2063 exponemus,
1146 2015 1260 2053 facile
1280 2016 1502 2054 assentiaris
1521 2016 1679 2055 Pertzio

201 2084 241 2118 et
274 2080 486 2118 editoribus
514 2080 656 2124 Bonn.‚
692 2080 757 2127 qui
784 2081 884 2117 hunc
913 2080 1073 2118 elmdem
1101 2081 1288 2127 putabant
1317 2092 1398 2118 esse
1426 2085 1541 2128 atque
1569 2082 1678 2119 illum

200 2155 223 2182 a
251 2144 450 2183 Macrobio
485 2150 524 2183 et
552 2144 685 2183 Servio
722 2149 1072 2189 commemoratum,
1116 2156 1343 2191 quamquam
1380 2146 1474 2184 haec
1503 2148 1677 2192 quaestio

202 2210 251 2248 ad
291 2210 478 2257 liquidum
522 2210 807 2257 confessumque
841 2210 1000 2258 perduci
1034 2210 1099 2247 vix
1133 2214 1273 2257 potest.
1286 2211 1316 2258 3)
1375 2210 1486 2258 Quod
1515 2212 1547 2249 si
1574 2216 1679 2249 recte

297 2298 325 2344 1)
355 2297 520 2340 „Nomen
547 2297 662 2333 Grani
687 2299 794 2343 pater
817 2308 944 2332 mense
972 2296 1123 2333 Octobri
1148 2297 1236 2331 anni
1264 2298 1353 2333 1856
1381 2298 1434 2342 (re
1460 2309 1546 2333 vera
1574 2300 1676 2343 1855)

200 2368 280 2402 per
303 2357 372 2392 XV
398 2356 494 2392 fere
520 2356 614 2392 dies
642 2356 739 2391 sine
764 2356 858 2391 ullo
885 2355 1020 2390 dubi'o
1047 2355 1169 2400 legit*

294 2416 322 2461 ²)
349 2415 620 2452 Commemorat
645 2415 793 2462 quidem
818 2414 925 2450 Pertz
954 2414 1047 2449 filius
1073 2414 1188 2460 praef.
1214 2426 1248 2460 p.
1269 2415 1337 2450 VII
1363 2415 1448 2451 adn.
1473 2415 1609 2460 legisse
1636 2427 1675 2451 se

199 2473 262 2510 fol.
284 2473 335 2510 IV
353 2486 379 2509 u
403 2473 454 2510 ⁴0.
481 2474 689 2520 Liciniani’,
731 2474 796 2509 sed
833 2474 871 2508 in
911 2475 1017 2509 textu
1054 2484 1136 2508 cum
1168 2477 1275 2519 patre
1303 2485 1505 2519 cognomen
1531 2476 1674 2510 tantum

200 2533 335 2579 posuit.
374 2532 497 2576 Quare
521 2533 590 2568 hac
616 2533 661 2568 de
686 2544 726 2568 re
751 2533 832 2568 iure
858 2532 1019 2567 dubitari
1044 2535 1144 2577 puto.

295 2593 320 2638 ³)
346 2592 395 2627 Et
419 2591 548 2628 Granii
573 2594 611 2628 et
628 2592 810 2628 Liciniani
837 2593 984 2637 saepius
1011 2591 1109 2637 apud
1135 2592 1333 2637 scriptores
1359 2592 1450 2627 etin
1467 2592 1674 2638 inscriptio-

199 2651 308 2687 nibus
340 2653 538 2687 occurrunt
575 2651 630 2696 (cf.
657 2651 803 2696 De-Vit‚
843 2650 970 2687 Onom.
997 2650 1049 2686 III
1075 2662 1110 2696 p,
1137 2652 1216 2695 271,
1254 2650 1303 2686 IV
1330 2662 1364 2696 p.
1395 2652 1472 2695 133,
1505 2652 1542 2687 C.
1559 2651 1587 2688 1.
1605 2651 1673 2697 L.),

198 2713 397 2756 utrumque
424 2712 547 2745 autem
572 2721 706 2746 nomen
725 2711 960 2746 coniunctum
979 2709 1120 2745 duobus
1139 2711 1283 2745 tantum
1299 2710 1388 2745 locis
1407 2721 1518 2755 supra
1539 2710 1672 2746 allatis.

197 2770 250 2806 At
273 2769 407 2805 Licinii
433 2768 610 2805 Gra-niani
647 2780 692 2804 ex
727 2768 1031 2814 inscriptionibus
1070 2768 1148 2804 noti
1185 2769 1291 2804 nobis
1324 2770 1410 2805 sunt
1436 2768 1489 2813 (C.
1516 2769 1543 2804 I.
1571 2769 1611 2806 L.
1637 2769 1673 2805 II

198 2829 291 2864 4225
318 2839 384 2875 sq„
410 2830 521 2871 46093
548 2828 580 2863 X
605 2829 722 2874 5670).
1401 2877 1438 2911 Γ
