2066 3448
1016 415 1303 454 -462

999 609 1200 653 CAPUT
1233 612 1315 654 ΠΙ.

741 730 827 778 De
870 730 1028 779 bello
1072 730 1238 779 civili
1281 731 1570 781 Mariano,

560 833 776 871 Proximum
808 834 854 871 de
873 834 971 871 bello
992 835 1096 871 civili
1116 834 1288 872 Mariano
1310 835 1578 882 fragmentum,
1609 847 1693 874 cum
1714 840 1895 882 quattuor

422 897 615 935 contineat
643 899 804 945 paginas
832 899 1029 936 continuas
1058 899 1143 947 (fol.
1165 899 1245 938 VII
1266 904 1303 936 et
1321 899 1400 944 ΙΙΙ,
1432 901 1487 938 ed.
1508 900 1631 938 Bonn.
1651 913 1686 948 p.
1709 899 1893 949 22-28)‚

421 962 470 999 ad
497 962 662 999 indolem
692 968 942 1010 naturamque
974 964 1099 1011 operis
1121 964 1310 1001 Liciniani
1331 965 1604 1011 dispiciendam
1632 965 1816 1012 simulque
1846 965 1894 1002 ad

421 1026 545 1063 fontes
581 1028 662 1065 eius
696 1028 981 1075 investigandos
1018 1029 1180 1066 maxime
1208 1040 1276 1066 nos
1307 1030 1514 1068 adiuvabit.
1572 1029 1667 1068 Cum
1696 1030 1763 1067 illa
1790 1029 1893 1076 frag-

421 1095 559 1136 menta,
590 1103 688 1138 quae
717 1093 908 1140 prioribus
933 1094 1125 1140 capitibus
1144 1094 1182 1130 in
1201 1105 1359 1131 examen
1380 1095 1610 1138 vocavimus,
1639 1095 1761 1132 adhuc
1780 1094 1895 1141 pla-ne

421 1156 501 1193 fere
530 1157 707 1203 neglecta
735 1157 824 1203 sint,
854 1158 932 1204 has,
965 1158 1010 1195 de
1040 1159 1174 1204 quibus
1202 1159 1276 1195 iam
1307 1160 1563 1205 quaestionem
1593 1170 1719 1196 sumus
1747 1158 1893 1201 inituri,

420 1220 603 1267 reliquias
631 1233 707 1259 non
735 1223 1075 1269 praetermiserunt
1095 1223 1169 1260 viri
1190 1223 1303 1270 docti,
1334 1224 1398 1270 qui
1419 1224 1464 1261 de
1485 1224 1735 1270 scriptoribus
1755 1224 1893 1262 aetatis

420 1286 597 1323 Sullanae
627 1291 790 1333 egerunt
825 1287 944 1325 veluti
973 1288 1091 1325 Klebs
1130 1288 1199 1332 „de
1237 1289 1484 1335 scriptoribus
1520 1289 1660 1326 aetatis
1687 1287 1888 1326 Sullanae“

422 1351 526 1399 (diss.
560 1351 683 1389 Berol.
719 1352 836 1400 1876)
870 1365 906 1400 p.
939 1353 961 1389 5
993 1364 1059 1399 sq.,
1098 1353 1264 1390 Kiewict
1294 1354 1338 1391 de
1368 1353 1497 1400 Jonge
1535 1354 1603 1398 „de
1633 1353 1672 1392 C.
1703 1354 1825 1391 Mario
1856 1356 1897 1390 et

422 1415 468 1452 de
495 1416 757 1464 scriptoribus,
801 1417 864 1463 qui
901 1418 946 1455 de
976 1418 1056 1455 eius
1084 1419 1317 1466 temporibus
1346 1422 1526 1465 egerunt“
1571 1419 1676 1467 (diss.
1707 1418 1890 1465 Groning.

425 1480 540 1529 1881)
583 1493 619 1528 p.
651 1482 700 1519 52
735 1484 773 1518 et
803 1482 852 1518 93
881 1493 973 1529 sqq.,
1016 1483 1259 1520 Bienkowski
1298 1484 1366 1528 „de
1402 1484 1570 1520 fontibus
1599 1487 1636 1521 et
1665 1483 1894 1520 auctoritate

419 1546 649 1593 scriptorum
677 1546 858 1584 historiae
879 1546 1147 1585 Sertorianae⁶⁶
1172 1547 1399 1596 (Cracoviae
1424 1549 1542 1596 1890)
1570 1559 1604 1595 p.
1628 1548 1675 1585 36
1696 1559 1774 1594 sqq.
1830 1547 1892 1586 Ac

419 1613 548 1647 tamen
577 1612 615 1648 hi
645 1623 773 1649 omnes
802 1612 892 1649 mihi
920 1613 1099 1651 videntur
1120 1625 1141 1650 a
1160 1613 1266 1651 falsis
1286 1614 1483 1660 principiis
1503 1624 1584 1651 esse
1602 1612 1776 1660 profecti,
1807 1623 1890 1650 cum

421 1676 589 1713 collectis
618 1677 764 1724 aliquot
792 1678 898 1724 locis,
929 1678 1066 1724 quibus
1087 1678 1278 1716 Liciniani
1307 1678 1477 1716 narratio
1507 1689 1591 1715 cum
1611 1678 1775 1716 Liviana
1804 1688 1889 1715 con-

420 1741 538 1788 gruit,
571 1741 837 1789 discrepantiis
867 1743 1051 1789 neglectis
1078 1754 1333 1791 praepropere
1364 1747 1536 1781 statuant
1554 1754 1650 1789 quae
1670 1742 1893 1780 Licinianus

420 1805 565 1842 referat
592 1806 746 1844 fluxisse
776 1808 900 1844 omnia
928 1819 973 1844 ex
993 1808 1104 1845 Livio
1134 1809 1194 1846 vel
1215 1809 1296 1845 eius
1317 1809 1434 1846 fonte.
1479 1809 1534 1846 At
1554 1808 1723 1854 equidem
1746 1808 1892 1854 singula

420 1871 545 1917 potius
574 1872 797 1918 singillatim
828 1876 866 1908 et
885 1872 1098 1909 minutatim
1120 1874 1376 1920 comparanda
1395 1873 1642 1919 rimandaque
1663 1877 1773 1920 puto:
1804 1884 1890 1909 nam

421 1935 469 1971 ad
498 1941 643 1973 certum
667 1937 845 1974 iudicium
866 1941 945 1973 tum
967 1938 1113 1974 demum
1132 1939 1324 1985 perveniri
1343 1939 1497 1985 poterit,
1528 1949 1610 1975 cum
1632 1938 1757 1974 omnia
1777 1937 1888 1974 colle-

418 2001 587 2046 gerImus
616 2013 805 2048 unumque
834 2003 873 2038 in
902 2007 1143 2049 conspectum
1172 2003 1442 2048 redegerimus.

562 2067 635 2104 Sed
665 2068 757 2103 haec
785 2072 987 2113 antequam
1007 2078 1286 2114 persequemur,
1318 2068 1485 2105 breviter
1515 2067 1888 2114 circumspiciendum

420 2130 504 2175 erit,
540 2132 691 2176 quinam
720 2132 927 2179 scriptores
955 2132 1118 2169 Romani
1155 2133 1263 2169 nobis
1293 2133 1530 2170 servaverint
1556 2132 1645 2169 belli
1675 2130 1889 2176 Octaviani,

418 2199 461 2232 ut
489 2206 573 2232 cum
595 2196 773 2234 Cicerone
800 2197 945 2243 loquar,
974 2198 1191 2234 memoriam
1223 2202 1337 2243 atque
1366 2209 1461 2244 quae
1490 2197 1535 2234 de
1565 2208 1693 2234 eorum
1723 2196 1891 2234 fontibus

419 2261 633 2298 sententiae
660 2263 835 2308 prolatae
865 2273 1035 2308 quaeque
1064 2263 1284 2309 probandae
1313 2262 1400 2300 sint.

557 2326 685 2363 Primo
704 2327 800 2370 loco,
832 2327 863 2363 si
883 2328 1027 2374 copiam
1050 2338 1177 2364 rerum
1202 2331 1444 2364 narratarum
1472 2330 1696 2374 spectamus,
1727 2337 1889 2363 comme-

418 2391 620 2428 morandus
649 2395 709 2429 est
728 2392 983 2438 Appianus.
1040 2392 1100 2429 De
1130 2392 1309 2434 fontibus,
1343 2392 1477 2438 quibus
1497 2391 1599 2438 App.
1630 2392 1668 2427 in
1696 2391 1781 2427 bell.
1815 2391 1886 2429 civ.

417 2455 440 2493 l.
462 2456 481 2493 I
508 2467 599 2494 usus
628 2460 698 2502 est,
728 2457 897 2494 virorum
928 2457 1123 2494 doctorum
1152 2457 1294 2494 iudicia
1323 2456 1457 2503 perdiu
1485 2456 1524 2492 in
1552 2459 1683 2503 partes
1711 2455 1891 2492 abierunt

418 2520 598 2560 diversas,
647 2521 799 2558 Primus
819 2521 991 2560 Niebuhr
1020 2522 1226 2570 (Vortrage
1255 2521 1313 2559 ed.
1335 2521 1433 2558 Isler
1453 2521 1474 2558 I
1502 2532 1535 2567 p.
1560 2521 1621 2563 60,
1643 2520 1738 2565 2543
1766 2520 1815 2557 R.
1838 2518 1886 2557 Gr.

417 2585 482 2622 11³
513 2599 549 2634 p.
581 2587 628 2623 61
660 2586 762 2635 adn.)
806 2587 1052 2624 contenderat
1094 2586 1314 2634 Appianum
1357 2587 1394 2623 in
1434 2586 1592 2623 historia
1633 2585 1886 2632 posteriorum

417 2655 630 2700 temporum
652 2652 900 2690 describenda
920 2663 965 2689 ex
980 2651 1187 2689 Posidonio
1208 2652 1379 2688 hausisse
1398 2651 1500 2688 sicut
1519 2654 1633 2687 antea
1649 2661 1695 2687 ex
1709 2649 1885 2697 Polybio;

417 2718 482 2755 sed
509 2721 554 2754 ut
580 2728 764 2765 persaepe
807 2718 902 2755 nihil
937 2717 1148 2762 addiderat,
1191 2727 1263 2763 quo
1302 2717 1529 2753 sententiam
1558 2726 1664 2752 suam
1693 2714 1886 2761 probaret.

417 2782 522 2820 Idem
558 2783 803 2820 crediderunt
836 2783 972 2821 deinde
1000 2782 1128 2819 Kiene
1161 2782 1263 2826 „Der
1291 2785 1384 2819 rom.
1416 2779 1882 2828 Bundesgenossenkrieg“
