2066 3448
749 395 1078 442 ·—-79-

203 541 389 579 Thracias
417 544 562 586 gentes,
594 551 691 587 quae
720 540 758 577 in
788 539 1050 577 Macedoniam
1080 540 1308 585 invaserant,
1339 539 1558 586 puniendas.
1610 539 1670 576 De

203 605 403 644 Hortensii
443 605 563 652 legati
606 605 846 652 expeditione
889 605 980 642 alibi
1024 605 1118 642 nihil
1162 604 1347 652 scriptum
1378 604 1558 649 videmus,
1601 604 1668 642 sed

203 669 361 708 Sullana
380 670 497 706 etiam
522 670 570 706 ab
591 669 728 707 ceteris
749 670 999 717 scriptoribus
1021 672 1334 707 commemoratur
1355 669 1474 717 (Plut.
1492 667 1584 706 Sull.
1607 670 1671 709 23.

202 735 303 782 App.
325 734 455 773 Mithr.
487 735 548 778 55,
578 733 797 772 Ps.-Aurel.
829 734 930 772 Vict.
962 734 1007 772 de
1035 735 1104 772 vir.
1130 734 1182 771 ill.
1206 733 1266 778 75,
1296 734 1457 781 Eutrop.
1487 733 1536 780 V,
1559 734 1593 779 7,
1617 733 1670 782 1).

204 799 268 847 qui
302 799 450 846 quidem
481 800 520 836 in
549 799 811 837 enumerandis
839 799 1014 846 gent-ibus
1050 799 1199 837 vexatis
1228 799 1338 836 valde
1366 799 1467 836 inter
1495 809 1534 836 se
1564 798 1671 835 diffe-

201 864 348 911 runt.¹)
405 864 632 902 Denseletas
663 877 685 901 a
714 864 926 908 Liciniano,
973 865 1036 910 qui
1065 864 1167 902 solus
1197 875 1260 901 eos
1289 863 1471 907 nominat,
1500 863 1672 900 Reinach

203 933 330 967 monet
345 940 413 976 per
428 940 594 967 errorem
611 929 749 967 allatos
765 940 846 966 esse
862 932 1020 976 propter
1036 929 1112 966 Cic.
1129 929 1165 966 in
1175 928 1348 966 Pisonem
1360 927 1545 972 XXXIV,
1562 927 1626 966 84.
1636 927 1666 976 2)

307 994 389 1031 Iam
418 994 653 1041 Licinianus,
685 998 883 1041 postquam
913 994 959 1031 de
988 994 1175 1031 institutis
1205 1005 1228 1031 a
1254 993 1358 1030 Sulla
1385 993 1424 1030 in
1444 992 1541 1030 Asia
1561 993 1674 1030 factis

202 1059 353 1097 locutus
396 1063 456 1097 est
498 1063 612 1106 atque
647 1070 746 1096 nova
774 1070 842 1096 nos
872 1058 999 1096 docuit
1028 1059 1073 1096 de
1101 1069 1224 1106 poena
1253 1059 1300 1095 ab
1330 1058 1506 1105 Ephesiis
1534 1058 1669 1104 petita,

202 1125 343 1163 transit
371 1124 418 1162 ad
438 1135 500 1162 res
519 1124 757 1172 Bithynicas,
788 1124 834 1161 de
862 1125 998 1170 quibus
1026 1124 1101 1161 iam
1131 1124 1255 1171 capite
1281 1124 1311 1162 Ι.
1343 1124 1574 1171 disputatum
1603 1126 1672 1160 est.

203 1188 281 1227 Hic
310 1200 355 1226 ex
384 1189 458 1226 alio
488 1193 644 1226 auctore
683 1189 898 1226 accuratius
933 1188 978 1225 de
1006 1189 1120 1225 rebus
1149 1188 1362 1235 Bithynicis
1392 1191 1524 1235 agente
1554 1186 1673 1234 scrip-

203 1258 325 1291 torem
352 1253 524 1290 hausisse
553 1265 670 1300 supra
701 1253 822 1290 docui.

309 1318 384 1356 Per
411 1321 532 1356 totum
562 1318 819 1364 fragmentum
839 1318 910 1355 hoc
929 1329 997 1365 pro
1018 1322 1121 1355 certo
1150 1318 1342 1366 potuimus
1362 1321 1532 1354 statuere
1552 1328 1674 1363 neque

205 1384 348 1422 Sullam
377 1394 497 1430 neque
525 1383 680 1420 Livium
711 1394 830 1429 neque
858 1382 1028 1430 Appiani
1057 1383 1199 1420 fontem
1229 1383 1467 1427 Strabonem,
1499 1393 1608 1428 quem
1635 1382 1674 1418 in

205 1449 304 1487 bello
335 1448 440 1487 civili
469 1448 715 1485 describendo
745 1447 932 1486 Granium
962 1448 1181 1494 putavimus
1209 1458 1292 1484 esse
1320 1451 1502 1491 secutum,
1539 1446 1674 1484 funda-

205 1518 370 1551 mentum
418 1524 499 1551 esse
545 1513 770 1550 Liciniauae
816 1513 906 1550 belli
954 1512 1218 1550 Mithradatici
1264 1512 1508 1549 narrationis.
1580 1511 1674 1550 Cum

206 1579 368 1626 quadam
410 1578 681 1626 probabilitate
723 1578 830 1615 nobis
858 1578 1080 1615 videbamur
1114 1578 1286 1615 conicere
1315 1576 1452 1614 Granii
1480 1581 1674 1614 auctorem

205 1644 323 1681 fuisse
351 1642 483 1681 Sullae
524 1643 736 1689 aequalem,
780 1642 847 1680 sed
889 1643 1101 1680 accuratius
1146 1653 1230 1679 eum
1274 1642 1428 1679 definire
1462 1642 1672 1688 nequimus

205 1709 484 1755 Nonnunquam
527 1709 567 1746 in
608 1708 681 1746 hac
727 1718 874 1754 quoque
916 1711 1025 1755 parte
1054 1708 1278 1745 Licinianus
1319 1719 1380 1744 res
1422 1707 1522 1744 haud
1564 1707 1676 1753 parvi

206 1774 385 1812 momenti
413 1784 583 1820 quaeque
612 1774 659 1810 ab
689 1773 776 1810 aliis
805 1772 1058 1818 scriptoribus
1086 1783 1161 1810 non
1182 1775 1536 1815 commemorentur,
1566 1772 1675 1809 nobis

207 1839 339 1877 tradit.
395 1837 470 1876 Sed
512 1838 558 1876 de
599 1841 812 1886 temporum
855 1838 1004 1875 ratione
1033 1837 1127 1874 nihil
1154 1838 1193 1875 in
1221 1838 1293 1875 hoc
1322 1838 1535 1884 fragmento
1563 1837 1675 1881 inest,

209 1904 308 1951 quod
335 1914 404 1942 nos
432 1903 602 1941 edoceat.

314 1969 546 2015 Quamquam
589 1968 796 2005 Mommsen
841 1967 905 2016 (R.
939 1967 982 2005 G.
1013 1967 1054 2004 II
1082 1979 1117 2014 p.
1149 1967 1223 2003 295
1254 1966 1358 2015 adn.)
1400 1967 1532 2014 primis
1572 1966 1678 2013 frag·

207 2034 323 2072 menti
352 2034 477 2070 verbis
509 2033 559 2080 (p.
594 2033 643 2070 32
662 2032 719 2081 A)
750 2032 912 2069 indicari
940 2032 1104 2079 putabat
1132 2032 1275 2069 Sullam
1305 2031 1494 2076 Athenas,
1524 2032 1590 2068 ubi
1608 2043 1677 2079 per

208 2099 369 2137 hiemem
400 2095 517 2135 668s9
540 2095 667 2146 (86l5)
688 2101 915 2141 moraretur,
944 2097 1104 2134 rediisse
1135 2108 1252 2143 eaque
1281 2108 1323 2134 re
1352 2096 1567 2134 confirmari
1594 2107 1678 2133 sen-

207 2164 366 2202 tentiam
408 2173 526 2206 suam,
572 2173 644 2209 qua
689 2173 856 2209 pugnam
901 2161 1193 2199 Orchomeniam
1235 2172 1258 2198 a
1300 2161 1502 2198 Liciniano
1544 2164 1677 2208 postea

207 2232 403 2267 narratam
445 2228 485 2265 in
513 2238 610 2264 anno
642 2227 717 2264 669
749 2226 835 2275 (85)
872 2227 1080 2274 ponendam
1112 2238 1194 2264 esse
1223 2227 1477 2264 existimabat.
1535 2225 1678 2263 Contra

208 2296 301 2332 haec
339 2294 416 2331 iam
458 2293 608 2330 obstitit
636 2292 839 2329 Francken
870 2291 922 2341 (p.
954 2292 1059 2340 258),
1104 2292 1169 2338 qui
1211 2302 1277 2328 suo
1321 2292 1403 2329 iure
1445 2292 1604 2338 negavit
1632 2302 1678 2328 ex

208 2359 408 2396 Liciniano
442 2358 561 2395 ullum
596 2369 664 2405 pro
693 2358 762 2395 illa
790 2357 982 2394 sententia
1011 2361 1275 2403 argumentum
1303 2356 1384 2403 peti
1412 2367 1540 2404 posse:
1588 2356 1679 2394 dicit

210 2423 308 2460 enim
337 2426 485 2460 tantum
515 2421 659 2459 Sullam
687 2421 864 2459 Athenas
893 2422 1065 2465 rediisse,
1109 2432 1183 2458 non
1212 2422 1280 2458 sub
1311 2421 1515 2459 adventum
1544 2421 1678 2459 hiemis

304 2511 330 2554 ¹)
357 2509 411 2546 Cf.
435 2509 600 2546 Reinach
626 2520 660 2555 p.
691 2511 756 2545 196
792 2509 874 2544 adn.
905 2512 920 2544 1
960 2509 1038 2553 (ubi
1064 2508 1155 2544 falso
1196 2508 1409 2552 „Dardanos
1450 2510 1486 2544 et
1517 2509 1674 2544 Enetos“

208 2569 380 2606 Auctoris
405 2569 449 2605 de
475 2569 540 2604 vir.
565 2568 617 2604 ill.
646 2579 727 2604 esse
753 2568 887 2603 dicitur
912 2579 978 2613 pro
1006 2567 1220 2613 „Dardanos
1249 2569 1286 2602 et
1309 2567 1507 2612 Maedos“).

305 2628 332 2672 ²)
356 2627 577 2663 ‘Denseletis
617 2637 710 2672 quae
753 2627 852 2661 natio
880 2637 1024 2671 semper
1050 2626 1247 2661 oboediens
1275 2626 1361 2660 huic
1385 2626 1539 2671 imperio
1567 2626 1678 2660 etiam

210 2687 250 2722 in
272 2686 338 2722 illa
362 2687 524 2722 omnium
550 2686 789 2721 barbarorum
815 2685 1018 2720 defectione
1035 2684 1288 2720 Macedoniam
1308 2684 1346 2720 C.
1367 2684 1490 2720 Sentio
1508 2687 1679 2730 praetore

209 2747 330 2782 tutata
347 2747 412 2790 est,
438 2745 617 2780 nefarium
635 2744 772 2779 bellum
791 2747 828 2780 et
845 2744 991 2780 crudele
1008 2744 1181 2787 intulisti,
1211 2744 1337 2790 eisque
1356 2754 1437 2779 cum
1455 2743 1678 2779 fidelissimis

212 2805 320 2840 sociis
345 2805 399 2840 uti
422 2815 562 2850 posses,
588 2803 753 2839 hostibus
778 2804 834 2839 uti
859 2803 1045 2839 acerrimis
1072 2802 1257 2841 maluisti’.
